Symbol,Bid,Ask,Last,Volume,Date,Time
CAD=,1.313,1.3134,1.313,4136.0,2016-08-02,1:19:52:0
CAD=,1.313,1.3137,1.313,4137.0,2016-08-02,1:20:0:0
CAD=,1.3132,1.3133,1.3132,4138.0,2016-08-02,1:20:1:0
CAD=,1.3133,1.3137,1.3133,4139.0,2016-08-02,1:20:1:0
CAD=,1.3133,1.3138,1.3133,4140.0,2016-08-02,1:20:1:0
CAD=,1.3133,1.3137,1.3133,4141.0,2016-08-02,1:20:2:0
CAD=,1.3132,1.3134,1.3132,4142.0,2016-08-02,1:20:3:0
CAD=,1.3133,1.3137,1.3133,4143.0,2016-08-02,1:20:3:0
CAD=,1.3132,1.3138,1.3132,4144.0,2016-08-02,1:20:8:0
CAD=,1.3132,1.3138,1.3132,4145.0,2016-08-02,1:20:13:0
CAD=,1.3133,1.3137,1.3133,4146.0,2016-08-02,1:20:14:0
CAD=,1.3131,1.3136,1.3131,4147.0,2016-08-02,1:20:15:0
CAD=,1.3133,1.3137,1.3133,4148.0,2016-08-02,1:20:18:0
CAD=,1.3133,1.3137,1.3133,4149.0,2016-08-02,1:20:19:0
CAD=,1.3131,1.3138,1.3131,4150.0,2016-08-02,1:20:20:0
CAD=,1.3133,1.3137,1.3133,4151.0,2016-08-02,1:20:22:0
CAD=,1.3133,1.3137,1.3133,4152.0,2016-08-02,1:20:23:0
CAD=,1.3133,1.3137,1.3133,4153.0,2016-08-02,1:20:24:0
CAD=,1.3133,1.3137,1.3133,4154.0,2016-08-02,1:20:24:0
CAD=,1.3133,1.3137,1.3133,4155.0,2016-08-02,1:20:25:0
CAD=,1.3133,1.3137,1.3133,4156.0,2016-08-02,1:20:29:0
CAD=,1.3133,1.3139,1.3133,4157.0,2016-08-02,1:20:30:0
CAD=,1.3133,1.3137,1.3133,4158.0,2016-08-02,1:20:32:0
CAD=,1.3133,1.3137,1.3133,4159.0,2016-08-02,1:20:33:0
CAD=,1.3133,1.3137,1.3133,4160.0,2016-08-02,1:20:35:0
CAD=,1.3133,1.3137,1.3133,4161.0,2016-08-02,1:20:36:0
CAD=,1.3133,1.3137,1.3133,4162.0,2016-08-02,1:20:37:0
CAD=,1.3131,1.3138,1.3131,4163.0,2016-08-02,1:20:40:0
CAD=,1.3131,1.3138,1.3131,4164.0,2016-08-02,1:20:41:0
CAD=,1.3132,1.3138,1.3132,4165.0,2016-08-02,1:20:42:0
CAD=,1.3133,1.3137,1.3133,4166.0,2016-08-02,1:20:44:0
CAD=,1.3131,1.3136,1.3131,4167.0,2016-08-02,1:20:45:0
CAD=,1.3133,1.3137,1.3133,4168.0,2016-08-02,1:20:45:0
CAD=,1.3134,1.3138,1.3134,4169.0,2016-08-02,1:20:46:0
CAD=,1.3134,1.3138,1.3134,4170.0,2016-08-02,1:20:50:0
CAD=,1.3134,1.3138,1.3134,4171.0,2016-08-02,1:20:51:0
CAD=,1.3134,1.3138,1.3134,4172.0,2016-08-02,1:20:51:0
CAD=,1.3133,1.3139,1.3133,4173.0,2016-08-02,1:20:52:0
CAD=,1.3134,1.3138,1.3134,4174.0,2016-08-02,1:20:52:0
CAD=,1.3133,1.3137,1.3133,4175.0,2016-08-02,1:20:53:0
CAD=,1.3134,1.3138,1.3134,4176.0,2016-08-02,1:20:56:0
CAD=,1.3132,1.3139,1.3132,4177.0,2016-08-02,1:21:0:0
CAD=,1.3134,1.3138,1.3134,4178.0,2016-08-02,1:21:0:0
CAD=,1.3133,1.3138,1.3133,4179.0,2016-08-02,1:21:1:0
CAD=,1.3135,1.3136,1.3135,4180.0,2016-08-02,1:21:1:0
CAD=,1.3134,1.314,1.3134,4181.0,2016-08-02,1:21:2:0
CAD=,1.3134,1.3138,1.3134,4182.0,2016-08-02,1:21:4:0
CAD=,1.3134,1.314,1.3134,4183.0,2016-08-02,1:21:4:0
CAD=,1.3134,1.3138,1.3134,4184.0,2016-08-02,1:21:8:0
CAD=,1.3133,1.3138,1.3133,4185.0,2016-08-02,1:21:15:0
CAD=,1.3135,1.3139,1.3135,4186.0,2016-08-02,1:21:15:0
CAD=,1.3135,1.3139,1.3135,4187.0,2016-08-02,1:21:16:0
CAD=,1.3133,1.314,1.3133,4188.0,2016-08-02,1:21:20:0
CAD=,1.3135,1.3139,1.3135,4189.0,2016-08-02,1:21:20:0
CAD=,1.3133,1.314,1.3133,4190.0,2016-08-02,1:21:20:0
CAD=,1.3135,1.3139,1.3135,4191.0,2016-08-02,1:21:24:0
CAD=,1.3135,1.3139,1.3135,4192.0,2016-08-02,1:21:28:0
CAD=,1.3134,1.3138,1.3134,4193.0,2016-08-02,1:21:32:0
CAD=,1.3133,1.3139,1.3133,4194.0,2016-08-02,1:21:34:0
CAD=,1.3134,1.3138,1.3134,4195.0,2016-08-02,1:21:36:0
CAD=,1.3133,1.3139,1.3133,4196.0,2016-08-02,1:21:37:0
CAD=,1.3134,1.3138,1.3134,4197.0,2016-08-02,1:21:40:0
CAD=,1.3132,1.3139,1.3132,4198.0,2016-08-02,1:21:40:0
CAD=,1.3133,1.3138,1.3133,4199.0,2016-08-02,1:21:45:0
CAD=,1.3134,1.3138,1.3134,4200.0,2016-08-02,1:21:46:0
CAD=,1.3134,1.3138,1.3134,4201.0,2016-08-02,1:21:47:0
CAD=,1.3134,1.3138,1.3134,4202.0,2016-08-02,1:21:48:0
CAD=,1.3134,1.3138,1.3134,4203.0,2016-08-02,1:21:53:0
CAD=,1.3134,1.3138,1.3134,4204.0,2016-08-02,1:21:56:0
CAD=,1.3134,1.3141,1.3134,4205.0,2016-08-02,1:22:0:0
CAD=,1.3135,1.3139,1.3135,4206.0,2016-08-02,1:22:0:0
CAD=,1.3137,1.3138,1.3137,4207.0,2016-08-02,1:22:1:0
CAD=,1.3136,1.314,1.3136,4208.0,2016-08-02,1:22:4:0
CAD=,1.3136,1.3141,1.3136,4209.0,2016-08-02,1:22:5:0
CAD=,1.3137,1.3143,1.3137,4210.0,2016-08-02,1:22:6:0
CAD=,1.3136,1.314,1.3136,4211.0,2016-08-02,1:22:8:0
CAD=,1.3137,1.3138,1.3137,4212.0,2016-08-02,1:22:9:0
CAD=,1.3137,1.3138,1.3137,4213.0,2016-08-02,1:22:11:0
CAD=,1.3135,1.3139,1.3135,4214.0,2016-08-02,1:22:12:0
CAD=,1.3134,1.3139,1.3134,4215.0,2016-08-02,1:22:15:0
CAD=,1.3135,1.3141,1.3135,4216.0,2016-08-02,1:22:18:0
CAD=,1.3135,1.3141,1.3135,4217.0,2016-08-02,1:22:24:0
CAD=,1.3136,1.314,1.3136,4218.0,2016-08-02,1:22:34:0
CAD=,1.3136,1.314,1.3136,4219.0,2016-08-02,1:22:35:0
CAD=,1.3136,1.314,1.3136,4220.0,2016-08-02,1:22:37:0
CAD=,1.3136,1.314,1.3136,4221.0,2016-08-02,1:22:38:0
CAD=,1.3136,1.314,1.3136,4222.0,2016-08-02,1:22:42:0
CAD=,1.3134,1.3141,1.3134,4223.0,2016-08-02,1:22:42:0
CAD=,1.3136,1.314,1.3136,4224.0,2016-08-02,1:22:43:0
CAD=,1.3136,1.314,1.3136,4225.0,2016-08-02,1:22:44:0
CAD=,1.3136,1.314,1.3136,4226.0,2016-08-02,1:22:44:0
CAD=,1.3135,1.314,1.3135,4227.0,2016-08-02,1:22:45:0
CAD=,1.3137,1.3141,1.3137,4228.0,2016-08-02,1:22:48:0
CAD=,1.3137,1.3141,1.3137,4229.0,2016-08-02,1:22:49:0
CAD=,1.3136,1.3142,1.3136,4230.0,2016-08-02,1:22:50:0
CAD=,1.3137,1.3141,1.3137,4231.0,2016-08-02,1:22:53:0
CAD=,1.3137,1.3141,1.3137,4232.0,2016-08-02,1:22:55:0
CAD=,1.3137,1.3141,1.3137,4233.0,2016-08-02,1:22:56:0
CAD=,1.3135,1.314,1.3135,4234.0,2016-08-02,1:22:59:0
CAD=,1.3136,1.314,1.3136,4235.0,2016-08-02,1:23:0:0
CAD=,1.3135,1.3142,1.3135,4236.0,2016-08-02,1:23:1:0
CAD=,1.3138,1.3139,1.3138,4237.0,2016-08-02,1:23:1:0
CAD=,1.3137,1.3141,1.3137,4238.0,2016-08-02,1:23:4:0
CAD=,1.3137,1.3141,1.3137,4239.0,2016-08-02,1:23:10:0
CAD=,1.3137,1.3141,1.3137,4240.0,2016-08-02,1:23:11:0
CAD=,1.3137,1.3141,1.3137,4241.0,2016-08-02,1:23:15:0
CAD=,1.3135,1.314,1.3135,4242.0,2016-08-02,1:23:15:0
CAD=,1.3136,1.3143,1.3136,4243.0,2016-08-02,1:23:21:0
CAD=,1.3136,1.3143,1.3136,4244.0,2016-08-02,1:23:23:0
CAD=,1.3136,1.314,1.3136,4245.0,2016-08-02,1:23:25:0
CAD=,1.3136,1.314,1.3136,4246.0,2016-08-02,1:23:28:0
CAD=,1.3136,1.314,1.3136,4247.0,2016-08-02,1:23:29:0
CAD=,1.3136,1.314,1.3136,4248.0,2016-08-02,1:23:30:0
CAD=,1.3136,1.314,1.3136,4249.0,2016-08-02,1:23:32:0
CAD=,1.3136,1.314,1.3136,4250.0,2016-08-02,1:23:33:0
CAD=,1.3134,1.314,1.3134,4251.0,2016-08-02,1:23:34:0
CAD=,1.3135,1.3139,1.3135,4252.0,2016-08-02,1:23:36:0
CAD=,1.3136,1.314,1.3136,4253.0,2016-08-02,1:23:40:0
CAD=,1.3135,1.3142,1.3135,4254.0,2016-08-02,1:23:41:0
CAD=,1.3136,1.3142,1.3136,4255.0,2016-08-02,1:23:44:0
CAD=,1.3136,1.314,1.3136,4256.0,2016-08-02,1:23:44:0
CAD=,1.3135,1.3142,1.3135,4257.0,2016-08-02,1:23:44:0
CAD=,1.3135,1.314,1.3135,4258.0,2016-08-02,1:23:45:0
CAD=,1.3136,1.314,1.3136,4259.0,2016-08-02,1:23:48:0
CAD=,1.3136,1.314,1.3136,4260.0,2016-08-02,1:23:51:0
CAD=,1.3136,1.314,1.3136,4261.0,2016-08-02,1:23:52:0
CAD=,1.3137,1.3141,1.3137,4262.0,2016-08-02,1:23:56:0
CAD=,1.3137,1.3141,1.3137,4263.0,2016-08-02,1:24:0:0
CAD=,1.3139,1.314,1.3139,4264.0,2016-08-02,1:24:1:0
CAD=,1.3136,1.3143,1.3136,4265.0,2016-08-02,1:24:1:0
CAD=,1.3137,1.3141,1.3137,4266.0,2016-08-02,1:24:4:0
CAD=,1.3137,1.3143,1.3137,4267.0,2016-08-02,1:24:6:0
CAD=,1.3137,1.3141,1.3137,4268.0,2016-08-02,1:24:6:0
CAD=,1.3138,1.3141,1.3138,4269.0,2016-08-02,1:24:8:0
CAD=,1.3138,1.3142,1.3138,4270.0,2016-08-02,1:24:8:0
CAD=,1.3138,1.3142,1.3138,4271.0,2016-08-02,1:24:13:0
CAD=,1.3136,1.3141,1.3136,4272.0,2016-08-02,1:24:15:0
CAD=,1.3138,1.3142,1.3138,4273.0,2016-08-02,1:24:16:0
CAD=,1.3138,1.3142,1.3138,4274.0,2016-08-02,1:24:19:0
CAD=,1.3136,1.3143,1.3136,4275.0,2016-08-02,1:24:21:0
CAD=,1.3138,1.3142,1.3138,4276.0,2016-08-02,1:24:25:0
CAD=,1.3137,1.3141,1.3137,4277.0,2016-08-02,1:24:26:0
CAD=,1.3137,1.3141,1.3137,4278.0,2016-08-02,1:24:27:0
CAD=,1.3138,1.3142,1.3138,4279.0,2016-08-02,1:24:31:0
CAD=,1.3137,1.3141,1.3137,4280.0,2016-08-02,1:24:34:0
CAD=,1.3137,1.3141,1.3137,4281.0,2016-08-02,1:24:37:0
CAD=,1.3137,1.3141,1.3137,4282.0,2016-08-02,1:24:39:0
CAD=,1.3136,1.3142,1.3136,4283.0,2016-08-02,1:24:40:0
CAD=,1.3135,1.3142,1.3135,4284.0,2016-08-02,1:24:41:0
CAD=,1.3135,1.314,1.3135,4285.0,2016-08-02,1:24:45:0
CAD=,1.3135,1.314,1.3135,4286.0,2016-08-02,1:24:47:0
CAD=,1.3136,1.314,1.3136,4287.0,2016-08-02,1:24:56:0
CAD=,1.3138,1.3139,1.3138,4288.0,2016-08-02,1:25:1:0
CAD=,1.3135,1.3142,1.3135,4289.0,2016-08-02,1:25:1:0
CAD=,1.3138,1.3139,1.3138,4290.0,2016-08-02,1:25:2:0
CAD=,1.3136,1.314,1.3136,4291.0,2016-08-02,1:25:5:0
CAD=,1.3136,1.314,1.3136,4292.0,2016-08-02,1:25:6:0
CAD=,1.3135,1.3141,1.3135,4293.0,2016-08-02,1:25:12:0
CAD=,1.3135,1.3141,1.3135,4294.0,2016-08-02,1:25:14:0
CAD=,1.3136,1.314,1.3136,4295.0,2016-08-02,1:25:16:0
CAD=,1.3137,1.3141,1.3137,4296.0,2016-08-02,1:25:19:0
CAD=,1.3135,1.3142,1.3135,4297.0,2016-08-02,1:25:21:0
CAD=,1.3135,1.3142,1.3135,4298.0,2016-08-02,1:25:23:0
CAD=,1.3136,1.3142,1.3136,4299.0,2016-08-02,1:25:24:0
CAD=,1.3137,1.3141,1.3137,4300.0,2016-08-02,1:25:24:0
CAD=,1.3136,1.314,1.3136,4301.0,2016-08-02,1:25:25:0
CAD=,1.3137,1.3141,1.3137,4302.0,2016-08-02,1:25:26:0
CAD=,1.3137,1.3141,1.3137,4303.0,2016-08-02,1:25:27:0
CAD=,1.3137,1.3141,1.3137,4304.0,2016-08-02,1:25:27:0
CAD=,1.3136,1.314,1.3136,4305.0,2016-08-02,1:25:30:0
CAD=,1.3137,1.3141,1.3137,4306.0,2016-08-02,1:25:31:0
CAD=,1.3137,1.3141,1.3137,4307.0,2016-08-02,1:25:32:0
CAD=,1.3136,1.3141,1.3136,4308.0,2016-08-02,1:25:33:0
CAD=,1.3137,1.3141,1.3137,4309.0,2016-08-02,1:25:33:0
CAD=,1.3137,1.3141,1.3137,4310.0,2016-08-02,1:25:34:0
CAD=,1.3137,1.3141,1.3137,4311.0,2016-08-02,1:25:37:0
CAD=,1.3137,1.3141,1.3137,4312.0,2016-08-02,1:25:39:0
CAD=,1.3135,1.3142,1.3135,4313.0,2016-08-02,1:25:41:0
CAD=,1.3137,1.3141,1.3137,4314.0,2016-08-02,1:25:42:0
CAD=,1.3137,1.3141,1.3137,4315.0,2016-08-02,1:25:44:0
CAD=,1.3137,1.3141,1.3137,4316.0,2016-08-02,1:25:46:0
CAD=,1.3137,1.3141,1.3137,4317.0,2016-08-02,1:25:49:0
CAD=,1.3137,1.3141,1.3137,4318.0,2016-08-02,1:25:52:0
CAD=,1.3137,1.3143,1.3137,4319.0,2016-08-02,1:25:56:0
CAD=,1.3138,1.3142,1.3138,4320.0,2016-08-02,1:25:56:0
CAD=,1.3138,1.3142,1.3138,4321.0,2016-08-02,1:26:0:0
CAD=,1.3139,1.3141,1.3139,4322.0,2016-08-02,1:26:1:0
CAD=,1.3137,1.3142,1.3137,4323.0,2016-08-02,1:26:1:0
CAD=,1.3136,1.3143,1.3136,4324.0,2016-08-02,1:26:2:0
CAD=,1.3136,1.3141,1.3136,4325.0,2016-08-02,1:26:3:0
CAD=,1.3137,1.3141,1.3137,4326.0,2016-08-02,1:26:4:0
CAD=,1.3137,1.3141,1.3137,4327.0,2016-08-02,1:26:5:0
CAD=,1.3138,1.3142,1.3138,4328.0,2016-08-02,1:26:11:0
CAD=,1.3139,1.3141,1.3139,4329.0,2016-08-02,1:26:11:0
CAD=,1.3137,1.3141,1.3137,4330.0,2016-08-02,1:26:12:0
CAD=,1.3137,1.3141,1.3137,4331.0,2016-08-02,1:26:17:0
CAD=,1.3136,1.3142,1.3136,4332.0,2016-08-02,1:26:18:0
CAD=,1.3137,1.3141,1.3137,4333.0,2016-08-02,1:26:18:0
CAD=,1.3137,1.3141,1.3137,4334.0,2016-08-02,1:26:20:0
CAD=,1.3135,1.3142,1.3135,4335.0,2016-08-02,1:26:22:0
CAD=,1.3137,1.3141,1.3137,4336.0,2016-08-02,1:26:24:0
CAD=,1.3137,1.3141,1.3137,4337.0,2016-08-02,1:26:28:0
CAD=,1.3137,1.3141,1.3137,4338.0,2016-08-02,1:26:28:0
CAD=,1.3137,1.3141,1.3137,4339.0,2016-08-02,1:26:32:0
CAD=,1.3135,1.314,1.3135,4340.0,2016-08-02,1:26:33:0
CAD=,1.3136,1.314,1.3136,4341.0,2016-08-02,1:26:40:0
CAD=,1.3136,1.314,1.3136,4342.0,2016-08-02,1:26:41:0
CAD=,1.3137,1.3141,1.3137,4343.0,2016-08-02,1:26:42:0
CAD=,1.3137,1.3141,1.3137,4344.0,2016-08-02,1:26:44:0
CAD=,1.3137,1.3141,1.3137,4345.0,2016-08-02,1:26:48:0
CAD=,1.3136,1.314,1.3136,4346.0,2016-08-02,1:26:48:0
CAD=,1.3136,1.314,1.3136,4347.0,2016-08-02,1:26:53:0
CAD=,1.3136,1.314,1.3136,4348.0,2016-08-02,1:26:56:0
CAD=,1.3136,1.314,1.3136,4349.0,2016-08-02,1:26:57:0
CAD=,1.3134,1.3141,1.3134,4350.0,2016-08-02,1:26:58:0
CAD=,1.3137,1.3139,1.3137,4351.0,2016-08-02,1:27:1:0
CAD=,1.3135,1.3141,1.3135,4352.0,2016-08-02,1:27:2:0
CAD=,1.3136,1.314,1.3136,4353.0,2016-08-02,1:27:3:0
CAD=,1.3136,1.314,1.3136,4354.0,2016-08-02,1:27:5:0
CAD=,1.3136,1.314,1.3136,4355.0,2016-08-02,1:27:6:0
CAD=,1.3136,1.314,1.3136,4356.0,2016-08-02,1:27:12:0
CAD=,1.3136,1.314,1.3136,4357.0,2016-08-02,1:27:13:0
CAD=,1.3136,1.314,1.3136,4358.0,2016-08-02,1:27:16:0
CAD=,1.3134,1.3141,1.3134,4359.0,2016-08-02,1:27:18:0
CAD=,1.3134,1.3139,1.3134,4360.0,2016-08-02,1:27:19:0
CAD=,1.3135,1.3139,1.3135,4361.0,2016-08-02,1:27:21:0
CAD=,1.3136,1.314,1.3136,4362.0,2016-08-02,1:27:24:0
CAD=,1.3136,1.314,1.3136,4363.0,2016-08-02,1:27:28:0
CAD=,1.3136,1.314,1.3136,4364.0,2016-08-02,1:27:29:0
CAD=,1.3136,1.314,1.3136,4365.0,2016-08-02,1:27:33:0
CAD=,1.3136,1.314,1.3136,4366.0,2016-08-02,1:27:39:0
CAD=,1.3136,1.314,1.3136,4367.0,2016-08-02,1:27:42:0
CAD=,1.3136,1.314,1.3136,4368.0,2016-08-02,1:27:45:0
CAD=,1.3135,1.314,1.3135,4369.0,2016-08-02,1:27:49:0
CAD=,1.3136,1.314,1.3136,4370.0,2016-08-02,1:27:49:0
CAD=,1.3136,1.314,1.3136,4371.0,2016-08-02,1:27:54:0
CAD=,1.3136,1.314,1.3136,4372.0,2016-08-02,1:27:57:0
CAD=,1.3135,1.314,1.3135,4373.0,2016-08-02,1:28:0:0
CAD=,1.3135,1.3139,1.3135,4374.0,2016-08-02,1:28:0:0
CAD=,1.3137,1.3138,1.3137,4375.0,2016-08-02,1:28:1:0
CAD=,1.3135,1.3139,1.3135,4376.0,2016-08-02,1:28:12:0
CAD=,1.3135,1.3139,1.3135,4377.0,2016-08-02,1:28:12:0
CAD=,1.3137,1.3139,1.3137,4378.0,2016-08-02,1:28:18:0
CAD=,1.3135,1.3139,1.3135,4379.0,2016-08-02,1:28:19:0
CAD=,1.3134,1.3139,1.3134,4380.0,2016-08-02,1:28:19:0
CAD=,1.3133,1.314,1.3133,4381.0,2016-08-02,1:28:19:0
CAD=,1.3135,1.3139,1.3135,4382.0,2016-08-02,1:28:20:0
CAD=,1.3135,1.3139,1.3135,4383.0,2016-08-02,1:28:21:0
CAD=,1.3135,1.3139,1.3135,4384.0,2016-08-02,1:28:23:0
CAD=,1.3135,1.3139,1.3135,4385.0,2016-08-02,1:28:24:0
CAD=,1.3135,1.3139,1.3135,4386.0,2016-08-02,1:28:28:0
CAD=,1.3135,1.3139,1.3135,4387.0,2016-08-02,1:28:28:0
CAD=,1.3134,1.314,1.3134,4388.0,2016-08-02,1:28:30:0
CAD=,1.3134,1.3138,1.3134,4389.0,2016-08-02,1:28:32:0
CAD=,1.3133,1.314,1.3133,4390.0,2016-08-02,1:28:39:0
CAD=,1.3133,1.314,1.3133,4391.0,2016-08-02,1:28:41:0
CAD=,1.3135,1.3139,1.3135,4392.0,2016-08-02,1:28:44:0
CAD=,1.3134,1.3138,1.3134,4393.0,2016-08-02,1:28:45:0
CAD=,1.3133,1.3138,1.3133,4394.0,2016-08-02,1:28:49:0
CAD=,1.3134,1.3138,1.3134,4395.0,2016-08-02,1:28:49:0
CAD=,1.3134,1.3138,1.3134,4396.0,2016-08-02,1:28:50:0
CAD=,1.3134,1.3138,1.3134,4397.0,2016-08-02,1:28:51:0
CAD=,1.3132,1.3139,1.3132,4398.0,2016-08-02,1:28:59:0
CAD=,1.3135,1.3137,1.3135,4399.0,2016-08-02,1:29:2:0
CAD=,1.3135,1.3137,1.3135,4400.0,2016-08-02,1:29:7:0
CAD=,1.3134,1.3138,1.3134,4401.0,2016-08-02,1:29:11:0
CAD=,1.3134,1.3138,1.3134,4402.0,2016-08-02,1:29:14:0
CAD=,1.3134,1.3138,1.3134,4403.0,2016-08-02,1:29:15:0
CAD=,1.3134,1.3138,1.3134,4404.0,2016-08-02,1:29:16:0
CAD=,1.3132,1.3137,1.3132,4405.0,2016-08-02,1:29:19:0
CAD=,1.3133,1.3137,1.3133,4406.0,2016-08-02,1:29:19:0
CAD=,1.3132,1.3139,1.3132,4407.0,2016-08-02,1:29:20:0
CAD=,1.3134,1.3138,1.3134,4408.0,2016-08-02,1:29:20:0
CAD=,1.3133,1.3137,1.3133,4409.0,2016-08-02,1:29:20:0
CAD=,1.3133,1.3138,1.3133,4410.0,2016-08-02,1:29:23:0
CAD=,1.3134,1.3138,1.3134,4411.0,2016-08-02,1:29:23:0
CAD=,1.3133,1.3139,1.3133,4412.0,2016-08-02,1:29:24:0
CAD=,1.3134,1.3138,1.3134,4413.0,2016-08-02,1:29:24:0
CAD=,1.3134,1.3138,1.3134,4414.0,2016-08-02,1:29:25:0
CAD=,1.3134,1.3138,1.3134,4415.0,2016-08-02,1:29:28:0
CAD=,1.3134,1.3138,1.3134,4416.0,2016-08-02,1:29:29:0
CAD=,1.3133,1.3137,1.3133,4417.0,2016-08-02,1:29:32:0
CAD=,1.3133,1.3137,1.3133,4418.0,2016-08-02,1:29:38:0
CAD=,1.3132,1.3139,1.3132,4419.0,2016-08-02,1:29:39:0
CAD=,1.3133,1.3137,1.3133,4420.0,2016-08-02,1:29:41:0
CAD=,1.3133,1.3137,1.3133,4421.0,2016-08-02,1:29:43:0
CAD=,1.3133,1.3137,1.3133,4422.0,2016-08-02,1:29:44:0
CAD=,1.3132,1.3138,1.3132,4423.0,2016-08-02,1:29:46:0
CAD=,1.3131,1.3136,1.3131,4424.0,2016-08-02,1:29:49:0
CAD=,1.3133,1.3137,1.3133,4425.0,2016-08-02,1:29:50:0
CAD=,1.3133,1.3137,1.3133,4426.0,2016-08-02,1:29:52:0
CAD=,1.3133,1.3137,1.3133,4427.0,2016-08-02,1:29:55:0
CAD=,1.3133,1.3139,1.3133,4428.0,2016-08-02,1:29:56:0
CAD=,1.3134,1.3138,1.3134,4429.0,2016-08-02,1:29:56:0
CAD=,1.3132,1.3139,1.3132,4430.0,2016-08-02,1:29:59:0
CAD=,1.3133,1.3137,1.3133,4431.0,2016-08-02,1:30:0:0
CAD=,1.3135,1.3136,1.3135,4432.0,2016-08-02,1:30:1:0
CAD=,1.3134,1.3138,1.3134,4433.0,2016-08-02,1:30:4:0
CAD=,1.3134,1.3138,1.3134,4434.0,2016-08-02,1:30:6:0
CAD=,1.3134,1.314,1.3134,4435.0,2016-08-02,1:30:7:0
CAD=,1.3134,1.3138,1.3134,4436.0,2016-08-02,1:30:8:0
CAD=,1.3137,1.3141,1.3137,4437.0,2016-08-02,1:30:12:0
CAD=,1.3137,1.3142,1.3137,4438.0,2016-08-02,1:30:13:0
CAD=,1.3137,1.3141,1.3137,4439.0,2016-08-02,1:30:16:0
CAD=,1.3134,1.3136,1.3134,4440.0,2016-08-02,1:30:18:0
CAD=,1.3137,1.3143,1.3137,4441.0,2016-08-02,1:30:18:0
CAD=,1.3136,1.3141,1.3136,4442.0,2016-08-02,1:30:19:0
CAD=,1.3136,1.3143,1.3136,4443.0,2016-08-02,1:30:19:0
CAD=,1.3137,1.3141,1.3137,4444.0,2016-08-02,1:30:20:0
CAD=,1.3136,1.314,1.3136,4445.0,2016-08-02,1:30:24:0
CAD=,1.3136,1.314,1.3136,4446.0,2016-08-02,1:30:28:0
CAD=,1.3136,1.3142,1.3136,4447.0,2016-08-02,1:30:30:0
CAD=,1.3136,1.3142,1.3136,4448.0,2016-08-02,1:30:31:0
CAD=,1.3136,1.314,1.3136,4449.0,2016-08-02,1:30:32:0
CAD=,1.3135,1.3139,1.3135,4450.0,2016-08-02,1:30:36:0
CAD=,1.3133,1.314,1.3133,4451.0,2016-08-02,1:30:39:0
CAD=,1.3135,1.3139,1.3135,4452.0,2016-08-02,1:30:40:0
CAD=,1.3135,1.3141,1.3135,4453.0,2016-08-02,1:30:42:0
CAD=,1.3135,1.3139,1.3135,4454.0,2016-08-02,1:30:44:0
CAD=,1.3134,1.3139,1.3134,4455.0,2016-08-02,1:30:49:0
CAD=,1.3134,1.3139,1.3134,4456.0,2016-08-02,1:30:50:0
CAD=,1.3134,1.314,1.3134,4457.0,2016-08-02,1:30:52:0
CAD=,1.3135,1.3139,1.3135,4458.0,2016-08-02,1:30:55:0
CAD=,1.3135,1.3139,1.3135,4459.0,2016-08-02,1:30:57:0
CAD=,1.3135,1.3139,1.3135,4460.0,2016-08-02,1:31:0:0
CAD=,1.3135,1.3139,1.3135,4461.0,2016-08-02,1:31:1:0
CAD=,1.3136,1.3137,1.3136,4462.0,2016-08-02,1:31:1:0
CAD=,1.3134,1.3138,1.3134,4463.0,2016-08-02,1:31:6:0
CAD=,1.3134,1.3139,1.3134,4464.0,2016-08-02,1:31:7:0
CAD=,1.3134,1.3138,1.3134,4465.0,2016-08-02,1:31:7:0
CAD=,1.3133,1.314,1.3133,4466.0,2016-08-02,1:31:9:0
CAD=,1.3134,1.3138,1.3134,4467.0,2016-08-02,1:31:14:0
CAD=,1.3134,1.3138,1.3134,4468.0,2016-08-02,1:31:16:0
CAD=,1.3134,1.3138,1.3134,4469.0,2016-08-02,1:31:17:0
CAD=,1.3133,1.3138,1.3133,4470.0,2016-08-02,1:31:19:0
CAD=,1.3133,1.3138,1.3133,4471.0,2016-08-02,1:31:21:0
CAD=,1.3133,1.3138,1.3133,4472.0,2016-08-02,1:31:22:0
CAD=,1.3134,1.3138,1.3134,4473.0,2016-08-02,1:31:26:0
CAD=,1.3134,1.3138,1.3134,4474.0,2016-08-02,1:31:26:0
CAD=,1.3133,1.314,1.3133,4475.0,2016-08-02,1:31:28:0
CAD=,1.3134,1.3138,1.3134,4476.0,2016-08-02,1:31:29:0
CAD=,1.3134,1.3138,1.3134,4477.0,2016-08-02,1:31:33:0
CAD=,1.3134,1.3138,1.3134,4478.0,2016-08-02,1:31:34:0
CAD=,1.3133,1.3137,1.3133,4479.0,2016-08-02,1:31:36:0
CAD=,1.3133,1.3139,1.3133,4480.0,2016-08-02,1:31:36:0
CAD=,1.3132,1.3136,1.3132,4481.0,2016-08-02,1:31:41:0
CAD=,1.3132,1.3138,1.3132,4482.0,2016-08-02,1:31:46:0
CAD=,1.3132,1.3138,1.3132,4483.0,2016-08-02,1:31:46:0
CAD=,1.3132,1.3136,1.3132,4484.0,2016-08-02,1:31:48:0
CAD=,1.3131,1.3138,1.3131,4485.0,2016-08-02,1:31:48:0
CAD=,1.3132,1.3136,1.3132,4486.0,2016-08-02,1:31:49:0
CAD=,1.3131,1.3136,1.3131,4487.0,2016-08-02,1:31:49:0
CAD=,1.3131,1.3136,1.3131,4488.0,2016-08-02,1:31:57:0
CAD=,1.3133,1.3135,1.3133,4489.0,2016-08-02,1:32:1:0
CAD=,1.3132,1.3136,1.3132,4490.0,2016-08-02,1:32:1:0
CAD=,1.3133,1.3137,1.3133,4491.0,2016-08-02,1:32:1:0
CAD=,1.3133,1.3137,1.3133,4492.0,2016-08-02,1:32:3:0
CAD=,1.3132,1.3136,1.3132,4493.0,2016-08-02,1:32:5:0
CAD=,1.313,1.3137,1.313,4494.0,2016-08-02,1:32:9:0
CAD=,1.3132,1.3136,1.3132,4495.0,2016-08-02,1:32:10:0
CAD=,1.3133,1.3136,1.3133,4496.0,2016-08-02,1:32:12:0
CAD=,1.3132,1.3136,1.3132,4497.0,2016-08-02,1:32:12:0
CAD=,1.3132,1.3136,1.3132,4498.0,2016-08-02,1:32:15:0
CAD=,1.3133,1.3139,1.3133,4499.0,2016-08-02,1:32:16:0
CAD=,1.3132,1.3136,1.3132,4500.0,2016-08-02,1:32:17:0
CAD=,1.3132,1.3136,1.3132,4501.0,2016-08-02,1:32:20:0
CAD=,1.3132,1.3136,1.3132,4502.0,2016-08-02,1:32:24:0
CAD=,1.3132,1.3136,1.3132,4503.0,2016-08-02,1:32:25:0
CAD=,1.3132,1.3138,1.3132,4504.0,2016-08-02,1:32:28:0
CAD=,1.3132,1.3136,1.3132,4505.0,2016-08-02,1:32:29:0
CAD=,1.3132,1.3136,1.3132,4506.0,2016-08-02,1:32:31:0
CAD=,1.3132,1.3136,1.3132,4507.0,2016-08-02,1:32:32:0
CAD=,1.3132,1.3136,1.3132,4508.0,2016-08-02,1:32:36:0
CAD=,1.313,1.3135,1.313,4509.0,2016-08-02,1:32:38:0
CAD=,1.3132,1.3136,1.3132,4510.0,2016-08-02,1:32:40:0
CAD=,1.3128,1.3135,1.3128,4511.0,2016-08-02,1:32:41:0
CAD=,1.3129,1.3134,1.3129,4512.0,2016-08-02,1:32:43:0
CAD=,1.3134,1.3138,1.3134,4513.0,2016-08-02,1:32:44:0
CAD=,1.3134,1.3139,1.3134,4514.0,2016-08-02,1:32:45:0
CAD=,1.3134,1.3139,1.3134,4515.0,2016-08-02,1:32:47:0
CAD=,1.3132,1.3136,1.3132,4516.0,2016-08-02,1:32:48:0
CAD=,1.3132,1.3136,1.3132,4517.0,2016-08-02,1:32:57:0
CAD=,1.3132,1.3136,1.3132,4518.0,2016-08-02,1:32:58:0
CAD=,1.313,1.3137,1.313,4519.0,2016-08-02,1:33:1:0
CAD=,1.3132,1.3136,1.3132,4520.0,2016-08-02,1:33:1:0
CAD=,1.3134,1.3135,1.3134,4521.0,2016-08-02,1:33:1:0
CAD=,1.3132,1.3136,1.3132,4522.0,2016-08-02,1:33:2:0
CAD=,1.3132,1.3136,1.3132,4523.0,2016-08-02,1:33:4:0
CAD=,1.3133,1.3138,1.3133,4524.0,2016-08-02,1:33:6:0
CAD=,1.313,1.3135,1.313,4525.0,2016-08-02,1:33:8:0
CAD=,1.3132,1.3136,1.3132,4526.0,2016-08-02,1:33:8:0
CAD=,1.313,1.3135,1.313,4527.0,2016-08-02,1:33:9:0
CAD=,1.3131,1.3137,1.3131,4528.0,2016-08-02,1:33:12:0
CAD=,1.3132,1.3136,1.3132,4529.0,2016-08-02,1:33:12:0
CAD=,1.3132,1.3136,1.3132,4530.0,2016-08-02,1:33:18:0
CAD=,1.3132,1.3136,1.3132,4531.0,2016-08-02,1:33:24:0
CAD=,1.3132,1.3136,1.3132,4532.0,2016-08-02,1:33:26:0
CAD=,1.3131,1.3138,1.3131,4533.0,2016-08-02,1:33:27:0
CAD=,1.3133,1.3137,1.3133,4534.0,2016-08-02,1:33:27:0
CAD=,1.3133,1.3137,1.3133,4535.0,2016-08-02,1:33:30:0
CAD=,1.3132,1.3138,1.3132,4536.0,2016-08-02,1:33:32:0
CAD=,1.3132,1.3138,1.3132,4537.0,2016-08-02,1:33:35:0
CAD=,1.3131,1.3136,1.3131,4538.0,2016-08-02,1:33:38:0
CAD=,1.3134,1.3138,1.3134,4539.0,2016-08-02,1:33:39:0
CAD=,1.3134,1.3138,1.3134,4540.0,2016-08-02,1:33:40:0
CAD=,1.3134,1.3139,1.3134,4541.0,2016-08-02,1:33:41:0
CAD=,1.3134,1.3138,1.3134,4542.0,2016-08-02,1:33:43:0
CAD=,1.3133,1.3139,1.3133,4543.0,2016-08-02,1:33:44:0
CAD=,1.3133,1.314,1.3133,4544.0,2016-08-02,1:33:46:0
CAD=,1.3133,1.3137,1.3133,4545.0,2016-08-02,1:33:47:0
CAD=,1.3133,1.3137,1.3133,4546.0,2016-08-02,1:33:49:0
CAD=,1.3133,1.3137,1.3133,4547.0,2016-08-02,1:33:50:0
CAD=,1.3132,1.3136,1.3132,4548.0,2016-08-02,1:33:52:0
CAD=,1.3132,1.3138,1.3132,4549.0,2016-08-02,1:33:56:0
CAD=,1.3133,1.3135,1.3133,4550.0,2016-08-02,1:34:1:0
CAD=,1.3133,1.3135,1.3133,4551.0,2016-08-02,1:34:3:0
CAD=,1.3131,1.3137,1.3131,4552.0,2016-08-02,1:34:6:0
CAD=,1.3132,1.3136,1.3132,4553.0,2016-08-02,1:34:6:0
CAD=,1.313,1.3137,1.313,4554.0,2016-08-02,1:34:7:0
CAD=,1.3133,1.3137,1.3133,4555.0,2016-08-02,1:34:7:0
CAD=,1.3131,1.3136,1.3131,4556.0,2016-08-02,1:34:8:0
CAD=,1.3132,1.3136,1.3132,4557.0,2016-08-02,1:34:11:0
CAD=,1.3132,1.3136,1.3132,4558.0,2016-08-02,1:34:12:0
CAD=,1.3132,1.3136,1.3132,4559.0,2016-08-02,1:34:15:0
CAD=,1.3132,1.3136,1.3132,4560.0,2016-08-02,1:34:17:0
CAD=,1.3133,1.3137,1.3133,4561.0,2016-08-02,1:34:19:0
CAD=,1.3131,1.3138,1.3131,4562.0,2016-08-02,1:34:27:0
CAD=,1.3132,1.3138,1.3132,4563.0,2016-08-02,1:34:28:0
CAD=,1.3132,1.3138,1.3132,4564.0,2016-08-02,1:34:31:0
CAD=,1.3133,1.3137,1.3133,4565.0,2016-08-02,1:34:34:0
CAD=,1.3132,1.3136,1.3132,4566.0,2016-08-02,1:34:35:0
CAD=,1.3131,1.3136,1.3131,4567.0,2016-08-02,1:34:38:0
CAD=,1.3131,1.3137,1.3131,4568.0,2016-08-02,1:34:38:0
CAD=,1.3131,1.3137,1.3131,4569.0,2016-08-02,1:34:41:0
CAD=,1.3132,1.3136,1.3132,4570.0,2016-08-02,1:34:43:0
CAD=,1.3132,1.3136,1.3132,4571.0,2016-08-02,1:34:44:0
CAD=,1.3132,1.3136,1.3132,4572.0,2016-08-02,1:34:46:0
CAD=,1.313,1.3137,1.313,4573.0,2016-08-02,1:34:47:0
CAD=,1.3132,1.3136,1.3132,4574.0,2016-08-02,1:34:47:0
CAD=,1.3132,1.3136,1.3132,4575.0,2016-08-02,1:34:54:0
CAD=,1.3132,1.3136,1.3132,4576.0,2016-08-02,1:34:54:0
CAD=,1.3132,1.3136,1.3132,4577.0,2016-08-02,1:34:59:0
CAD=,1.3132,1.3136,1.3132,4578.0,2016-08-02,1:35:1:0
CAD=,1.3133,1.3134,1.3133,4579.0,2016-08-02,1:35:1:0
CAD=,1.3132,1.3136,1.3132,4580.0,2016-08-02,1:35:4:0
CAD=,1.3132,1.3136,1.3132,4581.0,2016-08-02,1:35:5:0
CAD=,1.3131,1.3135,1.3131,4582.0,2016-08-02,1:35:6:0
CAD=,1.313,1.3137,1.313,4583.0,2016-08-02,1:35:7:0
CAD=,1.3131,1.3136,1.3131,4584.0,2016-08-02,1:35:7:0
CAD=,1.313,1.3135,1.313,4585.0,2016-08-02,1:35:8:0
CAD=,1.3131,1.3135,1.3131,4586.0,2016-08-02,1:35:9:0
CAD=,1.313,1.3136,1.313,4587.0,2016-08-02,1:35:12:0
CAD=,1.3132,1.3137,1.3132,4588.0,2016-08-02,1:35:13:0
CAD=,1.3132,1.3137,1.3132,4589.0,2016-08-02,1:35:14:0
CAD=,1.3131,1.3135,1.3131,4590.0,2016-08-02,1:35:17:0
CAD=,1.3131,1.3135,1.3131,4591.0,2016-08-02,1:35:22:0
CAD=,1.3131,1.3137,1.3131,4592.0,2016-08-02,1:35:22:0
CAD=,1.3131,1.3135,1.3131,4593.0,2016-08-02,1:35:23:0
CAD=,1.3129,1.3136,1.3129,4594.0,2016-08-02,1:35:27:0
CAD=,1.3131,1.3135,1.3131,4595.0,2016-08-02,1:35:27:0
CAD=,1.3132,1.3136,1.3132,4596.0,2016-08-02,1:35:28:0
CAD=,1.3131,1.3135,1.3131,4597.0,2016-08-02,1:35:28:0
CAD=,1.3131,1.3136,1.3131,4598.0,2016-08-02,1:35:38:0
CAD=,1.3132,1.3136,1.3132,4599.0,2016-08-02,1:35:44:0
CAD=,1.3132,1.3136,1.3132,4600.0,2016-08-02,1:35:45:0
CAD=,1.313,1.3137,1.313,4601.0,2016-08-02,1:35:47:0
CAD=,1.313,1.3137,1.313,4602.0,2016-08-02,1:35:49:0
CAD=,1.3132,1.3136,1.3132,4603.0,2016-08-02,1:35:52:0
CAD=,1.3131,1.3135,1.3131,4604.0,2016-08-02,1:35:53:0
CAD=,1.3131,1.3135,1.3131,4605.0,2016-08-02,1:35:55:0
CAD=,1.3131,1.3135,1.3131,4606.0,2016-08-02,1:35:58:0
CAD=,1.3133,1.3134,1.3133,4607.0,2016-08-02,1:36:1:0
CAD=,1.3132,1.3135,1.3132,4608.0,2016-08-02,1:36:3:0
CAD=,1.3132,1.3135,1.3132,4609.0,2016-08-02,1:36:5:0
CAD=,1.3129,1.3136,1.3129,4610.0,2016-08-02,1:36:7:0
CAD=,1.313,1.3135,1.313,4611.0,2016-08-02,1:36:8:0
CAD=,1.3131,1.3135,1.3131,4612.0,2016-08-02,1:36:11:0
CAD=,1.3131,1.3135,1.3131,4613.0,2016-08-02,1:36:17:0
CAD=,1.3131,1.3135,1.3131,4614.0,2016-08-02,1:36:18:0
CAD=,1.313,1.3136,1.313,4615.0,2016-08-02,1:36:18:0
CAD=,1.313,1.3136,1.313,4616.0,2016-08-02,1:36:21:0
CAD=,1.3131,1.3137,1.3131,4617.0,2016-08-02,1:36:28:0
CAD=,1.3131,1.3135,1.3131,4618.0,2016-08-02,1:36:29:0
CAD=,1.3131,1.3135,1.3131,4619.0,2016-08-02,1:36:30:0
CAD=,1.3131,1.3135,1.3131,4620.0,2016-08-02,1:36:33:0
CAD=,1.3129,1.3136,1.3129,4621.0,2016-08-02,1:36:35:0
CAD=,1.313,1.3134,1.313,4622.0,2016-08-02,1:36:35:0
CAD=,1.313,1.3134,1.313,4623.0,2016-08-02,1:36:37:0
CAD=,1.3129,1.3135,1.3129,4624.0,2016-08-02,1:36:37:0
CAD=,1.3129,1.3134,1.3129,4625.0,2016-08-02,1:36:38:0
CAD=,1.313,1.3134,1.313,4626.0,2016-08-02,1:36:39:0
CAD=,1.313,1.3134,1.313,4627.0,2016-08-02,1:36:42:0
CAD=,1.313,1.3134,1.313,4628.0,2016-08-02,1:36:50:0
CAD=,1.313,1.3134,1.313,4629.0,2016-08-02,1:36:51:0
CAD=,1.313,1.3134,1.313,4630.0,2016-08-02,1:36:55:0
CAD=,1.313,1.3134,1.313,4631.0,2016-08-02,1:37:1:0
CAD=,1.3132,1.3133,1.3132,4632.0,2016-08-02,1:37:1:0
CAD=,1.313,1.3134,1.313,4633.0,2016-08-02,1:37:4:0
CAD=,1.3128,1.3135,1.3128,4634.0,2016-08-02,1:37:6:0
CAD=,1.3129,1.3133,1.3129,4635.0,2016-08-02,1:37:6:0
CAD=,1.3128,1.3132,1.3128,4636.0,2016-08-02,1:37:7:0
CAD=,1.3128,1.3133,1.3128,4637.0,2016-08-02,1:37:8:0
CAD=,1.3128,1.3132,1.3128,4638.0,2016-08-02,1:37:10:0
CAD=,1.3128,1.3134,1.3128,4639.0,2016-08-02,1:37:12:0
CAD=,1.3128,1.3134,1.3128,4640.0,2016-08-02,1:37:18:0
CAD=,1.3128,1.3132,1.3128,4641.0,2016-08-02,1:37:19:0
CAD=,1.3128,1.3132,1.3128,4642.0,2016-08-02,1:37:21:0
CAD=,1.3128,1.3132,1.3128,4643.0,2016-08-02,1:37:22:0
CAD=,1.3127,1.3133,1.3127,4644.0,2016-08-02,1:37:23:0
CAD=,1.3126,1.3133,1.3126,4645.0,2016-08-02,1:37:25:0
CAD=,1.3128,1.3132,1.3128,4646.0,2016-08-02,1:37:25:0
CAD=,1.3128,1.3132,1.3128,4647.0,2016-08-02,1:37:26:0
CAD=,1.3128,1.3132,1.3128,4648.0,2016-08-02,1:37:27:0
CAD=,1.3128,1.3132,1.3128,4649.0,2016-08-02,1:37:27:0
CAD=,1.3128,1.3132,1.3128,4650.0,2016-08-02,1:37:29:0
CAD=,1.3128,1.3134,1.3128,4651.0,2016-08-02,1:37:34:0
CAD=,1.3127,1.3132,1.3127,4652.0,2016-08-02,1:37:38:0
CAD=,1.3128,1.3132,1.3128,4653.0,2016-08-02,1:37:38:0
CAD=,1.3128,1.3132,1.3128,4654.0,2016-08-02,1:37:39:0
CAD=,1.3128,1.3132,1.3128,4655.0,2016-08-02,1:37:42:0
CAD=,1.3127,1.3133,1.3127,4656.0,2016-08-02,1:37:44:0
CAD=,1.3127,1.3133,1.3127,4657.0,2016-08-02,1:37:45:0
CAD=,1.3128,1.3132,1.3128,4658.0,2016-08-02,1:37:49:0
CAD=,1.3126,1.3133,1.3126,4659.0,2016-08-02,1:37:49:0
CAD=,1.3127,1.3132,1.3127,4660.0,2016-08-02,1:37:51:0
CAD=,1.3128,1.3134,1.3128,4661.0,2016-08-02,1:37:56:0
CAD=,1.3128,1.3134,1.3128,4662.0,2016-08-02,1:37:59:0
CAD=,1.3129,1.313,1.3129,4663.0,2016-08-02,1:38:0:0
CAD=,1.3128,1.3132,1.3128,4664.0,2016-08-02,1:38:2:0
CAD=,1.3128,1.3132,1.3128,4665.0,2016-08-02,1:38:6:0
CAD=,1.3127,1.3133,1.3127,4666.0,2016-08-02,1:38:6:0
CAD=,1.3128,1.3132,1.3128,4667.0,2016-08-02,1:38:6:0
CAD=,1.313,1.3134,1.313,4668.0,2016-08-02,1:38:7:0
CAD=,1.3128,1.3133,1.3128,4669.0,2016-08-02,1:38:8:0
CAD=,1.313,1.3134,1.313,4670.0,2016-08-02,1:38:8:0
CAD=,1.3128,1.3135,1.3128,4671.0,2016-08-02,1:38:9:0
CAD=,1.313,1.3134,1.313,4672.0,2016-08-02,1:38:10:0
CAD=,1.3128,1.3135,1.3128,4673.0,2016-08-02,1:38:10:0
CAD=,1.313,1.3134,1.313,4674.0,2016-08-02,1:38:11:0
CAD=,1.3129,1.3135,1.3129,4675.0,2016-08-02,1:38:18:0
CAD=,1.313,1.3134,1.313,4676.0,2016-08-02,1:38:18:0
CAD=,1.313,1.3134,1.313,4677.0,2016-08-02,1:38:22:0
CAD=,1.3129,1.3133,1.3129,4679.0,2016-08-02,1:38:32:0
CAD=,1.3128,1.3135,1.3128,4679.0,2016-08-02,1:38:32:0
CAD=,1.3128,1.3135,1.3128,4680.0,2016-08-02,1:38:38:0
CAD=,1.313,1.3134,1.313,4681.0,2016-08-02,1:38:43:0
CAD=,1.3129,1.3133,1.3129,4682.0,2016-08-02,1:38:47:0
CAD=,1.3129,1.3133,1.3129,4683.0,2016-08-02,1:38:48:0
CAD=,1.3128,1.3134,1.3128,4684.0,2016-08-02,1:38:50:0
CAD=,1.3128,1.3134,1.3128,4685.0,2016-08-02,1:38:51:0
CAD=,1.3127,1.3134,1.3127,4686.0,2016-08-02,1:38:52:0
CAD=,1.3129,1.3133,1.3129,4687.0,2016-08-02,1:38:53:0
CAD=,1.3129,1.3133,1.3129,4688.0,2016-08-02,1:38:55:0
CAD=,1.313,1.3131,1.313,4689.0,2016-08-02,1:39:1:0
CAD=,1.3129,1.3133,1.3129,4690.0,2016-08-02,1:39:8:0
CAD=,1.3129,1.3133,1.3129,4691.0,2016-08-02,1:39:12:0
CAD=,1.3129,1.3135,1.3129,4692.0,2016-08-02,1:39:12:0
CAD=,1.3129,1.3133,1.3129,4693.0,2016-08-02,1:39:12:0
CAD=,1.3128,1.3135,1.3128,4694.0,2016-08-02,1:39:12:0
CAD=,1.3128,1.3135,1.3128,4695.0,2016-08-02,1:39:21:0
CAD=,1.313,1.3134,1.313,4696.0,2016-08-02,1:39:49:0
CAD=,1.3129,1.3133,1.3129,4697.0,2016-08-02,1:39:50:0
CAD=,1.3127,1.3134,1.3127,4698.0,2016-08-02,1:39:51:0
CAD=,1.3129,1.3133,1.3129,4699.0,2016-08-02,1:39:51:0
CAD=,1.3129,1.3133,1.3129,4700.0,2016-08-02,1:39:54:0
CAD=,1.3129,1.3133,1.3129,4701.0,2016-08-02,1:40:0:0
CAD=,1.313,1.3131,1.313,4702.0,2016-08-02,1:40:1:0
CAD=,1.3129,1.3133,1.3129,4703.0,2016-08-02,1:40:2:0
CAD=,1.3128,1.3134,1.3128,4704.0,2016-08-02,1:40:8:0
CAD=,1.3127,1.3134,1.3127,4705.0,2016-08-02,1:40:10:0
CAD=,1.3127,1.3134,1.3127,4706.0,2016-08-02,1:40:12:0
CAD=,1.3129,1.3133,1.3129,4707.0,2016-08-02,1:40:23:0
CAD=,1.3127,1.3132,1.3127,4708.0,2016-08-02,1:40:24:0
CAD=,1.3128,1.3132,1.3128,4709.0,2016-08-02,1:40:24:0
CAD=,1.3129,1.3133,1.3129,4710.0,2016-08-02,1:40:30:0
CAD=,1.3126,1.3133,1.3126,4711.0,2016-08-02,1:40:30:0
CAD=,1.3128,1.3132,1.3128,4712.0,2016-08-02,1:40:31:0
CAD=,1.3129,1.3133,1.3129,4713.0,2016-08-02,1:40:32:0
CAD=,1.3129,1.3133,1.3129,4714.0,2016-08-02,1:40:33:0
CAD=,1.3129,1.3133,1.3129,4715.0,2016-08-02,1:40:33:0
CAD=,1.3129,1.3133,1.3129,4716.0,2016-08-02,1:40:35:0
CAD=,1.3129,1.3133,1.3129,4717.0,2016-08-02,1:40:38:0
CAD=,1.3129,1.3133,1.3129,4718.0,2016-08-02,1:40:39:0
CAD=,1.3129,1.3135,1.3129,4719.0,2016-08-02,1:40:39:0
CAD=,1.3129,1.3133,1.3129,4720.0,2016-08-02,1:40:40:0
CAD=,1.3128,1.3134,1.3128,4721.0,2016-08-02,1:40:50:0
CAD=,1.3127,1.3134,1.3127,4722.0,2016-08-02,1:40:50:0
CAD=,1.3129,1.3133,1.3129,4723.0,2016-08-02,1:40:54:0
CAD=,1.3128,1.3133,1.3128,4724.0,2016-08-02,1:40:54:0
CAD=,1.3129,1.3133,1.3129,4725.0,2016-08-02,1:40:54:0
CAD=,1.3128,1.3132,1.3128,4726.0,2016-08-02,1:40:55:0
CAD=,1.3128,1.3132,1.3128,4727.0,2016-08-02,1:40:56:0
CAD=,1.3129,1.3133,1.3129,4728.0,2016-08-02,1:40:56:0
CAD=,1.3128,1.3132,1.3128,4729.0,2016-08-02,1:41:1:0
CAD=,1.313,1.3131,1.313,4730.0,2016-08-02,1:41:2:0
CAD=,1.3128,1.3132,1.3128,4731.0,2016-08-02,1:41:3:0
CAD=,1.3128,1.3132,1.3128,4732.0,2016-08-02,1:41:6:0
CAD=,1.3128,1.3132,1.3128,4733.0,2016-08-02,1:41:7:0
CAD=,1.3128,1.3133,1.3128,4734.0,2016-08-02,1:41:8:0
CAD=,1.3128,1.3133,1.3128,4735.0,2016-08-02,1:41:9:0
CAD=,1.3127,1.3134,1.3127,4736.0,2016-08-02,1:41:10:0
CAD=,1.3128,1.3132,1.3128,4737.0,2016-08-02,1:41:17:0
CAD=,1.3128,1.3132,1.3128,4738.0,2016-08-02,1:41:18:0
CAD=,1.3128,1.3132,1.3128,4739.0,2016-08-02,1:41:19:0
CAD=,1.3129,1.3133,1.3129,4740.0,2016-08-02,1:41:20:0
CAD=,1.3129,1.3133,1.3129,4741.0,2016-08-02,1:41:22:0
CAD=,1.3128,1.3133,1.3128,4742.0,2016-08-02,1:41:24:0
CAD=,1.3129,1.3133,1.3129,4743.0,2016-08-02,1:41:29:0
CAD=,1.3127,1.3134,1.3127,4744.0,2016-08-02,1:41:31:0
CAD=,1.3129,1.3133,1.3129,4745.0,2016-08-02,1:41:31:0
CAD=,1.3129,1.3133,1.3129,4746.0,2016-08-02,1:41:38:0
CAD=,1.3129,1.3133,1.3129,4747.0,2016-08-02,1:41:41:0
CAD=,1.3129,1.3133,1.3129,4748.0,2016-08-02,1:41:50:0
CAD=,1.3127,1.3134,1.3127,4749.0,2016-08-02,1:41:51:0
CAD=,1.3128,1.3133,1.3128,4750.0,2016-08-02,1:41:54:0
CAD=,1.3128,1.3133,1.3128,4751.0,2016-08-02,1:41:56:0
CAD=,1.3129,1.3133,1.3129,4752.0,2016-08-02,1:41:57:0
CAD=,1.3129,1.3133,1.3129,4753.0,2016-08-02,1:41:58:0
CAD=,1.3129,1.3133,1.3129,4754.0,2016-08-02,1:41:59:0
CAD=,1.313,1.3131,1.313,4755.0,2016-08-02,1:42:1:0
CAD=,1.3128,1.3132,1.3128,4756.0,2016-08-02,1:42:1:0
CAD=,1.3128,1.3132,1.3128,4757.0,2016-08-02,1:42:2:0
CAD=,1.3128,1.3132,1.3128,4758.0,2016-08-02,1:42:4:0
CAD=,1.3128,1.3132,1.3128,4759.0,2016-08-02,1:42:5:0
CAD=,1.3128,1.3132,1.3128,4760.0,2016-08-02,1:42:8:0
CAD=,1.3127,1.3134,1.3127,4761.0,2016-08-02,1:42:11:0
CAD=,1.3128,1.3132,1.3128,4762.0,2016-08-02,1:42:17:0
CAD=,1.3128,1.3132,1.3128,4763.0,2016-08-02,1:42:18:0
CAD=,1.3128,1.3132,1.3128,4764.0,2016-08-02,1:42:20:0
CAD=,1.3127,1.3132,1.3127,4765.0,2016-08-02,1:42:24:0
CAD=,1.3129,1.3133,1.3129,4766.0,2016-08-02,1:42:27:0
CAD=,1.3129,1.3135,1.3129,4767.0,2016-08-02,1:42:29:0
CAD=,1.3129,1.3135,1.3129,4768.0,2016-08-02,1:42:30:0
CAD=,1.3127,1.3134,1.3127,4769.0,2016-08-02,1:42:31:0
CAD=,1.3129,1.3133,1.3129,4770.0,2016-08-02,1:42:33:0
CAD=,1.313,1.3134,1.313,4771.0,2016-08-02,1:42:34:0
CAD=,1.313,1.3134,1.313,4772.0,2016-08-02,1:42:35:0
CAD=,1.313,1.3134,1.313,4773.0,2016-08-02,1:42:37:0
CAD=,1.313,1.3134,1.313,4774.0,2016-08-02,1:42:41:0
CAD=,1.313,1.3134,1.313,4775.0,2016-08-02,1:42:43:0
CAD=,1.3128,1.3135,1.3128,4776.0,2016-08-02,1:42:51:0
CAD=,1.3129,1.3134,1.3129,4777.0,2016-08-02,1:42:54:0
CAD=,1.3129,1.3134,1.3129,4778.0,2016-08-02,1:42:57:0
CAD=,1.3131,1.3132,1.3131,4779.0,2016-08-02,1:43:1:0
CAD=,1.313,1.3134,1.313,4780.0,2016-08-02,1:43:6:0
CAD=,1.313,1.3134,1.313,4781.0,2016-08-02,1:43:16:0
CAD=,1.313,1.3134,1.313,4782.0,2016-08-02,1:43:21:0
CAD=,1.3129,1.3133,1.3129,4783.0,2016-08-02,1:43:22:0
CAD=,1.3128,1.3135,1.3128,4784.0,2016-08-02,1:43:22:0
CAD=,1.313,1.3134,1.313,4785.0,2016-08-02,1:43:23:0
CAD=,1.3128,1.3133,1.3128,4786.0,2016-08-02,1:43:24:0
CAD=,1.313,1.3134,1.313,4787.0,2016-08-02,1:43:26:0
CAD=,1.313,1.3134,1.313,4788.0,2016-08-02,1:43:27:0
CAD=,1.313,1.3134,1.313,4789.0,2016-08-02,1:43:30:0
CAD=,1.313,1.3134,1.313,4790.0,2016-08-02,1:43:40:0
CAD=,1.313,1.3134,1.313,4791.0,2016-08-02,1:43:41:0
CAD=,1.313,1.3134,1.313,4792.0,2016-08-02,1:43:42:0
CAD=,1.3128,1.3135,1.3128,4793.0,2016-08-02,1:43:42:0
CAD=,1.313,1.3134,1.313,4794.0,2016-08-02,1:43:45:0
CAD=,1.313,1.3134,1.313,4795.0,2016-08-02,1:43:48:0
CAD=,1.3129,1.3134,1.3129,4796.0,2016-08-02,1:43:54:0
CAD=,1.313,1.3134,1.313,4797.0,2016-08-02,1:43:56:0
CAD=,1.313,1.3134,1.313,4798.0,2016-08-02,1:43:59:0
CAD=,1.3131,1.3133,1.3131,4799.0,2016-08-02,1:44:1:0
CAD=,1.313,1.3134,1.313,4800.0,2016-08-02,1:44:1:0
CAD=,1.3128,1.3135,1.3128,4801.0,2016-08-02,1:44:2:0
CAD=,1.313,1.3134,1.313,4802.0,2016-08-02,1:44:2:0
CAD=,1.313,1.3134,1.313,4803.0,2016-08-02,1:44:5:0
CAD=,1.3131,1.3134,1.3131,4804.0,2016-08-02,1:44:6:0
CAD=,1.3131,1.3134,1.3131,4805.0,2016-08-02,1:44:11:0
CAD=,1.313,1.3134,1.313,4806.0,2016-08-02,1:44:22:0
CAD=,1.313,1.3134,1.313,4807.0,2016-08-02,1:44:27:0
CAD=,1.313,1.3134,1.313,4808.0,2016-08-02,1:44:27:0
CAD=,1.313,1.3134,1.313,4809.0,2016-08-02,1:44:28:0
CAD=,1.313,1.3134,1.313,4810.0,2016-08-02,1:44:30:0
CAD=,1.313,1.3134,1.313,4811.0,2016-08-02,1:44:31:0
CAD=,1.313,1.3134,1.313,4812.0,2016-08-02,1:44:32:0
CAD=,1.313,1.3134,1.313,4813.0,2016-08-02,1:44:40:0
CAD=,1.3131,1.3132,1.3131,4814.0,2016-08-02,1:45:1:0
CAD=,1.313,1.3134,1.313,4815.0,2016-08-02,1:45:3:0
CAD=,1.313,1.3134,1.313,4816.0,2016-08-02,1:45:4:0
CAD=,1.313,1.3134,1.313,4817.0,2016-08-02,1:45:5:0
CAD=,1.313,1.3134,1.313,4818.0,2016-08-02,1:45:7:0
CAD=,1.313,1.3134,1.313,4819.0,2016-08-02,1:45:9:0
CAD=,1.313,1.3134,1.313,4820.0,2016-08-02,1:45:10:0
CAD=,1.313,1.3136,1.313,4821.0,2016-08-02,1:45:12:0
CAD=,1.313,1.3136,1.313,4822.0,2016-08-02,1:45:17:0
CAD=,1.3129,1.3135,1.3129,4823.0,2016-08-02,1:45:32:0
CAD=,1.313,1.3134,1.313,4824.0,2016-08-02,1:45:43:0
CAD=,1.313,1.3134,1.313,4825.0,2016-08-02,1:45:45:0
CAD=,1.3129,1.3133,1.3129,4826.0,2016-08-02,1:45:46:0
CAD=,1.3129,1.3133,1.3129,4827.0,2016-08-02,1:45:48:0
CAD=,1.3127,1.3134,1.3127,4828.0,2016-08-02,1:45:49:0
CAD=,1.3129,1.3133,1.3129,4829.0,2016-08-02,1:45:49:0
CAD=,1.3128,1.3133,1.3128,4830.0,2016-08-02,1:45:50:0
CAD=,1.3129,1.3133,1.3129,4831.0,2016-08-02,1:45:52:0
CAD=,1.3129,1.3133,1.3129,4832.0,2016-08-02,1:45:56:0
CAD=,1.3129,1.3133,1.3129,4833.0,2016-08-02,1:45:56:0
CAD=,1.313,1.3131,1.313,4834.0,2016-08-02,1:46:1:0
CAD=,1.3129,1.3133,1.3129,4835.0,2016-08-02,1:46:2:0
CAD=,1.3129,1.3134,1.3129,4836.0,2016-08-02,1:46:2:0
CAD=,1.3129,1.3133,1.3129,4837.0,2016-08-02,1:46:2:0
CAD=,1.3129,1.3133,1.3129,4838.0,2016-08-02,1:46:7:0
CAD=,1.313,1.3133,1.313,4839.0,2016-08-02,1:46:9:0
CAD=,1.3128,1.3134,1.3128,4840.0,2016-08-02,1:46:18:0
CAD=,1.3128,1.3133,1.3128,4841.0,2016-08-02,1:46:20:0
CAD=,1.3128,1.3134,1.3128,4842.0,2016-08-02,1:46:20:0
CAD=,1.3129,1.3133,1.3129,4843.0,2016-08-02,1:46:25:0
CAD=,1.3129,1.3133,1.3129,4844.0,2016-08-02,1:46:29:0
CAD=,1.3129,1.3133,1.3129,4845.0,2016-08-02,1:46:58:0
CAD=,1.3129,1.3133,1.3129,4846.0,2016-08-02,1:46:59:0
CAD=,1.3129,1.3135,1.3129,4847.0,2016-08-02,1:47:0:0
CAD=,1.3129,1.3133,1.3129,4848.0,2016-08-02,1:47:0:0
CAD=,1.3129,1.3133,1.3129,4849.0,2016-08-02,1:47:1:0
CAD=,1.3128,1.3132,1.3128,4850.0,2016-08-02,1:47:5:0
CAD=,1.3128,1.3132,1.3128,4851.0,2016-08-02,1:47:9:0
CAD=,1.3129,1.3133,1.3129,4852.0,2016-08-02,1:47:10:0
CAD=,1.3126,1.3133,1.3126,4853.0,2016-08-02,1:47:11:0
CAD=,1.3128,1.3132,1.3128,4854.0,2016-08-02,1:47:11:0
CAD=,1.3127,1.3132,1.3127,4855.0,2016-08-02,1:47:12:0
CAD=,1.3128,1.3134,1.3128,4856.0,2016-08-02,1:47:12:0
CAD=,1.3128,1.3132,1.3128,4857.0,2016-08-02,1:47:12:0
CAD=,1.3128,1.3132,1.3128,4858.0,2016-08-02,1:47:15:0
CAD=,1.3128,1.3132,1.3128,4859.0,2016-08-02,1:47:17:0
CAD=,1.3128,1.3132,1.3128,4860.0,2016-08-02,1:47:21:0
CAD=,1.3127,1.3133,1.3127,4861.0,2016-08-02,1:47:21:0
CAD=,1.3127,1.3131,1.3127,4862.0,2016-08-02,1:47:24:0
CAD=,1.3127,1.3131,1.3127,4863.0,2016-08-02,1:47:25:0
CAD=,1.3127,1.3131,1.3127,4864.0,2016-08-02,1:47:28:0
CAD=,1.3126,1.3133,1.3126,4865.0,2016-08-02,1:47:30:0
CAD=,1.3128,1.3132,1.3128,4866.0,2016-08-02,1:47:34:0
CAD=,1.3128,1.3132,1.3128,4867.0,2016-08-02,1:47:38:0
CAD=,1.3128,1.3132,1.3128,4868.0,2016-08-02,1:47:40:0
CAD=,1.3126,1.3131,1.3126,4869.0,2016-08-02,1:47:42:0
CAD=,1.3128,1.3132,1.3128,4870.0,2016-08-02,1:47:44:0
CAD=,1.3128,1.3134,1.3128,4871.0,2016-08-02,1:47:44:0
CAD=,1.3128,1.3132,1.3128,4872.0,2016-08-02,1:47:45:0
CAD=,1.3128,1.3132,1.3128,4873.0,2016-08-02,1:47:46:0
CAD=,1.3128,1.3132,1.3128,4874.0,2016-08-02,1:47:48:0
CAD=,1.3129,1.3133,1.3129,4875.0,2016-08-02,1:47:49:0
CAD=,1.3129,1.3133,1.3129,4876.0,2016-08-02,1:47:51:0
CAD=,1.3127,1.3134,1.3127,4877.0,2016-08-02,1:47:51:0
CAD=,1.3127,1.3134,1.3127,4878.0,2016-08-02,1:47:53:0
CAD=,1.3129,1.3133,1.3129,4879.0,2016-08-02,1:47:56:0
CAD=,1.3129,1.3133,1.3129,4880.0,2016-08-02,1:47:57:0
CAD=,1.3127,1.3132,1.3127,4881.0,2016-08-02,1:47:59:0
CAD=,1.313,1.3132,1.313,4882.0,2016-08-02,1:48:3:0
CAD=,1.313,1.3134,1.313,4883.0,2016-08-02,1:48:4:0
CAD=,1.313,1.3134,1.313,4884.0,2016-08-02,1:48:4:0
CAD=,1.3128,1.3133,1.3128,4885.0,2016-08-02,1:48:5:0
CAD=,1.3129,1.3133,1.3129,4886.0,2016-08-02,1:48:6:0
CAD=,1.3129,1.3135,1.3129,4887.0,2016-08-02,1:48:6:0
CAD=,1.3129,1.3133,1.3129,4888.0,2016-08-02,1:48:8:0
CAD=,1.3127,1.3134,1.3127,4889.0,2016-08-02,1:48:11:0
CAD=,1.3128,1.3133,1.3128,4890.0,2016-08-02,1:48:12:0
CAD=,1.3129,1.3133,1.3129,4891.0,2016-08-02,1:48:14:0
CAD=,1.3129,1.3133,1.3129,4892.0,2016-08-02,1:48:15:0
CAD=,1.3129,1.3133,1.3129,4893.0,2016-08-02,1:48:16:0
CAD=,1.3128,1.3134,1.3128,4894.0,2016-08-02,1:48:18:0
CAD=,1.3129,1.3133,1.3129,4895.0,2016-08-02,1:48:21:0
CAD=,1.3129,1.3133,1.3129,4896.0,2016-08-02,1:48:26:0
CAD=,1.3129,1.3135,1.3129,4897.0,2016-08-02,1:48:28:0
CAD=,1.313,1.3134,1.313,4898.0,2016-08-02,1:48:29:0
CAD=,1.3128,1.3135,1.3128,4899.0,2016-08-02,1:48:31:0
CAD=,1.313,1.3134,1.313,4900.0,2016-08-02,1:48:32:0
CAD=,1.313,1.3134,1.313,4901.0,2016-08-02,1:48:33:0
CAD=,1.313,1.3134,1.313,4902.0,2016-08-02,1:48:34:0
CAD=,1.313,1.3134,1.313,4903.0,2016-08-02,1:48:36:0
CAD=,1.313,1.3134,1.313,4904.0,2016-08-02,1:48:37:0
CAD=,1.313,1.3134,1.313,4905.0,2016-08-02,1:48:41:0
CAD=,1.3128,1.3133,1.3128,4906.0,2016-08-02,1:48:42:0
CAD=,1.3132,1.3136,1.3132,4907.0,2016-08-02,1:48:44:0
CAD=,1.3132,1.3136,1.3132,4908.0,2016-08-02,1:48:45:0
CAD=,1.3132,1.3137,1.3132,4909.0,2016-08-02,1:48:45:0
CAD=,1.3132,1.3136,1.3132,4910.0,2016-08-02,1:48:47:0
CAD=,1.3132,1.3136,1.3132,4911.0,2016-08-02,1:48:49:0
CAD=,1.3131,1.3137,1.3131,4912.0,2016-08-02,1:48:49:0
CAD=,1.3131,1.3135,1.3131,4913.0,2016-08-02,1:48:51:0
CAD=,1.313,1.3137,1.313,4914.0,2016-08-02,1:48:51:0
CAD=,1.3132,1.3136,1.3132,4915.0,2016-08-02,1:48:55:0
CAD=,1.3131,1.3135,1.3131,4916.0,2016-08-02,1:48:55:0
CAD=,1.3131,1.3135,1.3131,4917.0,2016-08-02,1:48:57:0
CAD=,1.3131,1.3135,1.3131,4918.0,2016-08-02,1:48:58:0
CAD=,1.3131,1.3135,1.3131,4919.0,2016-08-02,1:49:1:0
CAD=,1.3133,1.3134,1.3133,4920.0,2016-08-02,1:49:2:0
CAD=,1.3132,1.3136,1.3132,4921.0,2016-08-02,1:49:3:0
CAD=,1.3132,1.3136,1.3132,4922.0,2016-08-02,1:49:4:0
CAD=,1.313,1.3135,1.313,4923.0,2016-08-02,1:49:8:0
CAD=,1.313,1.3137,1.313,4924.0,2016-08-02,1:49:11:0
CAD=,1.3131,1.3136,1.3131,4925.0,2016-08-02,1:49:12:0
CAD=,1.3132,1.3138,1.3132,4926.0,2016-08-02,1:49:12:0
CAD=,1.3132,1.3138,1.3132,4927.0,2016-08-02,1:49:16:0
CAD=,1.3132,1.3136,1.3132,4928.0,2016-08-02,1:49:32:0
CAD=,1.3131,1.3138,1.3131,4929.0,2016-08-02,1:49:33:0
CAD=,1.3133,1.3137,1.3133,4930.0,2016-08-02,1:49:33:0
CAD=,1.3133,1.3139,1.3133,4931.0,2016-08-02,1:49:34:0
CAD=,1.3133,1.3137,1.3133,4932.0,2016-08-02,1:49:36:0
CAD=,1.3133,1.3137,1.3133,4933.0,2016-08-02,1:49:41:0
CAD=,1.313,1.3137,1.313,4934.0,2016-08-02,1:49:54:0
CAD=,1.3132,1.3136,1.3132,4935.0,2016-08-02,1:49:54:0
CAD=,1.313,1.3135,1.313,4936.0,2016-08-02,1:49:55:0
CAD=,1.3132,1.3136,1.3132,4937.0,2016-08-02,1:49:55:0
CAD=,1.3132,1.3138,1.3132,4938.0,2016-08-02,1:49:56:0
CAD=,1.3132,1.3136,1.3132,4939.0,2016-08-02,1:49:56:0
CAD=,1.3132,1.3136,1.3132,4940.0,2016-08-02,1:49:57:0
CAD=,1.313,1.3134,1.313,4941.0,2016-08-02,1:49:58:0
CAD=,1.313,1.3134,1.313,4942.0,2016-08-02,1:50:0:0
CAD=,1.313,1.3134,1.313,4943.0,2016-08-02,1:50:0:0
CAD=,1.313,1.3134,1.313,4944.0,2016-08-02,1:50:0:0
CAD=,1.3131,1.3133,1.3131,4945.0,2016-08-02,1:50:1:0
CAD=,1.3129,1.3133,1.3129,4946.0,2016-08-02,1:50:2:0
CAD=,1.313,1.3134,1.313,4947.0,2016-08-02,1:50:3:0
CAD=,1.3129,1.3133,1.3129,4948.0,2016-08-02,1:50:4:0
CAD=,1.3129,1.3133,1.3129,4949.0,2016-08-02,1:50:4:0
CAD=,1.3129,1.3133,1.3129,4950.0,2016-08-02,1:50:6:0
CAD=,1.3128,1.3134,1.3128,4951.0,2016-08-02,1:50:6:0
CAD=,1.3129,1.3133,1.3129,4952.0,2016-08-02,1:50:11:0
CAD=,1.3129,1.3133,1.3129,4953.0,2016-08-02,1:50:13:0
CAD=,1.3127,1.3134,1.3127,4954.0,2016-08-02,1:50:14:0
CAD=,1.3129,1.3133,1.3129,4955.0,2016-08-02,1:50:15:0
CAD=,1.3128,1.3133,1.3128,4956.0,2016-08-02,1:50:16:0
CAD=,1.3129,1.3133,1.3129,4957.0,2016-08-02,1:50:19:0
CAD=,1.3129,1.3133,1.3129,4958.0,2016-08-02,1:50:19:0
CAD=,1.3129,1.3133,1.3129,4959.0,2016-08-02,1:50:22:0
CAD=,1.3129,1.3133,1.3129,4960.0,2016-08-02,1:50:23:0
CAD=,1.3128,1.3133,1.3128,4961.0,2016-08-02,1:50:25:0
CAD=,1.3129,1.3133,1.3129,4962.0,2016-08-02,1:50:25:0
CAD=,1.3129,1.3133,1.3129,4963.0,2016-08-02,1:50:27:0
CAD=,1.3129,1.3135,1.3129,4964.0,2016-08-02,1:50:27:0
CAD=,1.3129,1.3133,1.3129,4965.0,2016-08-02,1:50:29:0
CAD=,1.3129,1.3133,1.3129,4966.0,2016-08-02,1:50:30:0
CAD=,1.3129,1.3133,1.3129,4967.0,2016-08-02,1:50:31:0
CAD=,1.3129,1.3133,1.3129,4968.0,2016-08-02,1:50:32:0
CAD=,1.313,1.3134,1.313,4969.0,2016-08-02,1:50:34:0
CAD=,1.3129,1.3133,1.3129,4970.0,2016-08-02,1:50:34:0
CAD=,1.3128,1.3135,1.3128,4971.0,2016-08-02,1:50:35:0
CAD=,1.313,1.3136,1.313,4972.0,2016-08-02,1:50:38:0
CAD=,1.313,1.3134,1.313,4973.0,2016-08-02,1:50:39:0
CAD=,1.3131,1.3135,1.3131,4974.0,2016-08-02,1:50:40:0
CAD=,1.3131,1.3135,1.3131,4975.0,2016-08-02,1:50:41:0
CAD=,1.3131,1.3135,1.3131,4976.0,2016-08-02,1:50:42:0
CAD=,1.3131,1.3135,1.3131,4977.0,2016-08-02,1:50:44:0
CAD=,1.3131,1.3135,1.3131,4978.0,2016-08-02,1:50:45:0
CAD=,1.3131,1.3135,1.3131,4979.0,2016-08-02,1:50:47:0
CAD=,1.3131,1.3135,1.3131,4980.0,2016-08-02,1:50:48:0
CAD=,1.3131,1.3137,1.3131,4981.0,2016-08-02,1:50:50:0
CAD=,1.3132,1.3137,1.3132,4982.0,2016-08-02,1:50:51:0
CAD=,1.3132,1.3136,1.3132,4983.0,2016-08-02,1:50:51:0
CAD=,1.313,1.3137,1.313,4984.0,2016-08-02,1:50:54:0
CAD=,1.313,1.3135,1.313,4985.0,2016-08-02,1:50:55:0
CAD=,1.3132,1.3136,1.3132,4986.0,2016-08-02,1:50:59:0
CAD=,1.3132,1.3136,1.3132,4987.0,2016-08-02,1:51:1:0
CAD=,1.3133,1.3134,1.3133,4988.0,2016-08-02,1:51:1:0
CAD=,1.3132,1.3136,1.3132,4989.0,2016-08-02,1:51:3:0
CAD=,1.313,1.3137,1.313,4990.0,2016-08-02,1:51:14:0
CAD=,1.3131,1.3135,1.3131,4991.0,2016-08-02,1:51:15:0
CAD=,1.3131,1.3135,1.3131,4992.0,2016-08-02,1:51:20:0
CAD=,1.313,1.3135,1.313,4993.0,2016-08-02,1:51:25:0
CAD=,1.3131,1.3135,1.3131,4994.0,2016-08-02,1:51:29:0
CAD=,1.3131,1.3135,1.3131,4995.0,2016-08-02,1:51:33:0
CAD=,1.3131,1.3135,1.3131,4996.0,2016-08-02,1:51:34:0
CAD=,1.313,1.3136,1.313,4997.0,2016-08-02,1:51:34:0
CAD=,1.3129,1.3136,1.3129,4998.0,2016-08-02,1:51:34:0
CAD=,1.3129,1.3136,1.3129,4999.0,2016-08-02,1:51:35:0
CAD=,1.313,1.3134,1.313,5000.0,2016-08-02,1:51:36:0
CAD=,1.313,1.3134,1.313,5001.0,2016-08-02,1:51:37:0
CAD=,1.3131,1.3135,1.3131,5002.0,2016-08-02,1:51:38:0
CAD=,1.313,1.3134,1.313,5003.0,2016-08-02,1:51:40:0
CAD=,1.3129,1.3133,1.3129,5004.0,2016-08-02,1:51:41:0
CAD=,1.3129,1.3135,1.3129,5005.0,2016-08-02,1:51:44:0
CAD=,1.3129,1.3135,1.3129,5006.0,2016-08-02,1:51:47:0
CAD=,1.3128,1.3135,1.3128,5007.0,2016-08-02,1:51:54:0
CAD=,1.3128,1.3133,1.3128,5008.0,2016-08-02,1:51:55:0
CAD=,1.3128,1.3133,1.3128,5009.0,2016-08-02,1:51:57:0
CAD=,1.3129,1.3133,1.3129,5010.0,2016-08-02,1:52:0:0
CAD=,1.313,1.3132,1.313,5011.0,2016-08-02,1:52:1:0
CAD=,1.313,1.3134,1.313,5012.0,2016-08-02,1:52:1:0
CAD=,1.3132,1.3136,1.3132,5013.0,2016-08-02,1:52:2:0
CAD=,1.3131,1.3133,1.3131,5014.0,2016-08-02,1:52:3:0
CAD=,1.3132,1.3137,1.3132,5015.0,2016-08-02,1:52:3:0
CAD=,1.3132,1.3136,1.3132,5016.0,2016-08-02,1:52:3:0
CAD=,1.3131,1.3135,1.3131,5017.0,2016-08-02,1:52:3:0
CAD=,1.3131,1.3137,1.3131,5018.0,2016-08-02,1:52:5:0
CAD=,1.3132,1.3136,1.3132,5019.0,2016-08-02,1:52:11:0
CAD=,1.3132,1.3136,1.3132,5020.0,2016-08-02,1:52:12:0
CAD=,1.3132,1.3136,1.3132,5021.0,2016-08-02,1:52:13:0
CAD=,1.313,1.3137,1.313,5022.0,2016-08-02,1:52:14:0
CAD=,1.3132,1.3136,1.3132,5023.0,2016-08-02,1:52:20:0
CAD=,1.3131,1.3135,1.3131,5024.0,2016-08-02,1:52:21:0
CAD=,1.3132,1.3136,1.3132,5025.0,2016-08-02,1:52:22:0
CAD=,1.313,1.3135,1.313,5026.0,2016-08-02,1:52:25:0
CAD=,1.3132,1.3136,1.3132,5027.0,2016-08-02,1:52:27:0
CAD=,1.313,1.3135,1.313,5028.0,2016-08-02,1:52:27:0
CAD=,1.313,1.3137,1.313,5029.0,2016-08-02,1:52:34:0
CAD=,1.313,1.3137,1.313,5030.0,2016-08-02,1:52:37:0
CAD=,1.3132,1.3136,1.3132,5031.0,2016-08-02,1:52:38:0
CAD=,1.3132,1.3136,1.3132,5032.0,2016-08-02,1:52:47:0
CAD=,1.3132,1.3136,1.3132,5033.0,2016-08-02,1:52:48:0
CAD=,1.313,1.3137,1.313,5034.0,2016-08-02,1:52:54:0
CAD=,1.3133,1.3134,1.3133,5035.0,2016-08-02,1:53:1:0
CAD=,1.3133,1.3134,1.3133,5036.0,2016-08-02,1:53:2:0
CAD=,1.3131,1.3136,1.3131,5037.0,2016-08-02,1:53:3:0
CAD=,1.3132,1.3136,1.3132,5038.0,2016-08-02,1:53:5:0
CAD=,1.3131,1.3136,1.3131,5039.0,2016-08-02,1:53:5:0
CAD=,1.3132,1.3136,1.3132,5040.0,2016-08-02,1:53:9:0
CAD=,1.3132,1.3136,1.3132,5041.0,2016-08-02,1:53:10:0
CAD=,1.3132,1.3136,1.3132,5042.0,2016-08-02,1:53:14:0
CAD=,1.3132,1.3136,1.3132,5043.0,2016-08-02,1:53:14:0
CAD=,1.3132,1.3136,1.3132,5044.0,2016-08-02,1:53:15:0
CAD=,1.3132,1.3136,1.3132,5045.0,2016-08-02,1:53:18:0
CAD=,1.3132,1.3136,1.3132,5046.0,2016-08-02,1:53:19:0
CAD=,1.3133,1.3137,1.3133,5047.0,2016-08-02,1:53:23:0
CAD=,1.3134,1.3138,1.3134,5048.0,2016-08-02,1:53:24:0
CAD=,1.3131,1.3138,1.3131,5049.0,2016-08-02,1:53:24:0
CAD=,1.3133,1.3139,1.3133,5050.0,2016-08-02,1:53:24:0
CAD=,1.3133,1.3137,1.3133,5051.0,2016-08-02,1:53:25:0
CAD=,1.3132,1.3137,1.3132,5052.0,2016-08-02,1:53:35:0
CAD=,1.3133,1.3137,1.3133,5053.0,2016-08-02,1:53:36:0
CAD=,1.3132,1.3137,1.3132,5054.0,2016-08-02,1:53:36:0
CAD=,1.3133,1.3137,1.3133,5055.0,2016-08-02,1:53:37:0
CAD=,1.3133,1.3138,1.3133,5056.0,2016-08-02,1:53:42:0
CAD=,1.3133,1.3137,1.3133,5057.0,2016-08-02,1:53:43:0
CAD=,1.3133,1.3137,1.3133,5058.0,2016-08-02,1:53:47:0
CAD=,1.3133,1.3137,1.3133,5059.0,2016-08-02,1:53:48:0
CAD=,1.3133,1.3137,1.3133,5060.0,2016-08-02,1:53:52:0
CAD=,1.3133,1.3137,1.3133,5061.0,2016-08-02,1:53:53:0
CAD=,1.3133,1.3137,1.3133,5062.0,2016-08-02,1:53:54:0
CAD=,1.3133,1.3137,1.3133,5063.0,2016-08-02,1:53:56:0
CAD=,1.3133,1.3137,1.3133,5064.0,2016-08-02,1:53:58:0
CAD=,1.3135,1.3136,1.3135,5065.0,2016-08-02,1:54:1:0
CAD=,1.3133,1.3137,1.3133,5066.0,2016-08-02,1:54:1:0
CAD=,1.3133,1.3138,1.3133,5067.0,2016-08-02,1:54:3:0
CAD=,1.3134,1.3138,1.3134,5068.0,2016-08-02,1:54:6:0
CAD=,1.3133,1.3137,1.3133,5069.0,2016-08-02,1:54:8:0
CAD=,1.3132,1.3139,1.3132,5070.0,2016-08-02,1:54:8:0
CAD=,1.3133,1.3137,1.3133,5071.0,2016-08-02,1:54:8:0
CAD=,1.3133,1.3137,1.3133,5072.0,2016-08-02,1:54:10:0
CAD=,1.3133,1.3137,1.3133,5073.0,2016-08-02,1:54:12:0
CAD=,1.3133,1.3137,1.3133,5074.0,2016-08-02,1:54:13:0
CAD=,1.3133,1.3137,1.3133,5075.0,2016-08-02,1:54:13:0
CAD=,1.3133,1.3137,1.3133,5076.0,2016-08-02,1:54:15:0
CAD=,1.3132,1.3138,1.3132,5077.0,2016-08-02,1:54:16:0
CAD=,1.3134,1.3137,1.3134,5078.0,2016-08-02,1:54:17:0
CAD=,1.3133,1.3137,1.3133,5079.0,2016-08-02,1:54:21:0
CAD=,1.3133,1.3137,1.3133,5080.0,2016-08-02,1:54:24:0
CAD=,1.3133,1.3137,1.3133,5081.0,2016-08-02,1:54:25:0
CAD=,1.3133,1.3137,1.3133,5082.0,2016-08-02,1:54:26:0
CAD=,1.3131,1.3138,1.3131,5083.0,2016-08-02,1:54:28:0
CAD=,1.3133,1.3137,1.3133,5084.0,2016-08-02,1:54:28:0
CAD=,1.3133,1.3137,1.3133,5085.0,2016-08-02,1:54:30:0
CAD=,1.3133,1.3137,1.3133,5086.0,2016-08-02,1:54:32:0
CAD=,1.3133,1.3137,1.3133,5087.0,2016-08-02,1:54:34:0
CAD=,1.3131,1.3136,1.3131,5088.0,2016-08-02,1:54:35:0
CAD=,1.3133,1.3137,1.3133,5089.0,2016-08-02,1:54:35:0
CAD=,1.3133,1.3137,1.3133,5090.0,2016-08-02,1:54:43:0
CAD=,1.3133,1.3137,1.3133,5091.0,2016-08-02,1:54:44:0
CAD=,1.3133,1.3137,1.3133,5092.0,2016-08-02,1:54:47:0
CAD=,1.3133,1.3137,1.3133,5093.0,2016-08-02,1:54:47:0
CAD=,1.3133,1.3137,1.3133,5094.0,2016-08-02,1:54:51:0
CAD=,1.3133,1.3137,1.3133,5095.0,2016-08-02,1:55:2:0
CAD=,1.3132,1.3137,1.3132,5096.0,2016-08-02,1:55:5:0
CAD=,1.3133,1.3137,1.3133,5097.0,2016-08-02,1:55:8:0
CAD=,1.3133,1.3139,1.3133,5098.0,2016-08-02,1:55:9:0
CAD=,1.3133,1.3137,1.3133,5099.0,2016-08-02,1:55:9:0
CAD=,1.3133,1.3137,1.3133,5100.0,2016-08-02,1:55:11:0
CAD=,1.3133,1.3137,1.3133,5101.0,2016-08-02,1:55:17:0
CAD=,1.3133,1.3137,1.3133,5102.0,2016-08-02,1:55:18:0
CAD=,1.3133,1.3137,1.3133,5103.0,2016-08-02,1:55:19:0
CAD=,1.3132,1.3138,1.3132,5104.0,2016-08-02,1:55:20:0
CAD=,1.3133,1.3137,1.3133,5105.0,2016-08-02,1:55:21:0
CAD=,1.3133,1.3137,1.3133,5106.0,2016-08-02,1:55:28:0
CAD=,1.3133,1.3137,1.3133,5107.0,2016-08-02,1:55:29:0
CAD=,1.3133,1.3137,1.3133,5108.0,2016-08-02,1:55:31:0
CAD=,1.3133,1.3137,1.3133,5109.0,2016-08-02,1:55:35:0
CAD=,1.3133,1.3137,1.3133,5110.0,2016-08-02,1:55:36:0
CAD=,1.3131,1.3138,1.3131,5111.0,2016-08-02,1:55:44:0
CAD=,1.3131,1.3138,1.3131,5112.0,2016-08-02,1:56:0:0
CAD=,1.3135,1.3136,1.3135,5113.0,2016-08-02,1:56:1:0
CAD=,1.3133,1.3137,1.3133,5114.0,2016-08-02,1:56:2:0
CAD=,1.3134,1.3136,1.3134,5115.0,2016-08-02,1:56:3:0
CAD=,1.3133,1.3137,1.3133,5116.0,2016-08-02,1:56:4:0
CAD=,1.3132,1.3139,1.3132,5117.0,2016-08-02,1:56:5:0
CAD=,1.3133,1.3139,1.3133,5118.0,2016-08-02,1:56:6:0
CAD=,1.3133,1.3137,1.3133,5119.0,2016-08-02,1:56:6:0
CAD=,1.3133,1.3138,1.3133,5120.0,2016-08-02,1:56:7:0
CAD=,1.3134,1.3138,1.3134,5121.0,2016-08-02,1:56:7:0
CAD=,1.3134,1.3138,1.3134,5122.0,2016-08-02,1:56:17:0
CAD=,1.3132,1.3139,1.3132,5123.0,2016-08-02,1:56:25:0
CAD=,1.3135,1.3139,1.3135,5124.0,2016-08-02,1:56:27:0
CAD=,1.3135,1.3139,1.3135,5125.0,2016-08-02,1:56:28:0
CAD=,1.3135,1.3139,1.3135,5126.0,2016-08-02,1:56:29:0
CAD=,1.3135,1.3139,1.3135,5127.0,2016-08-02,1:56:30:0
CAD=,1.3135,1.3139,1.3135,5128.0,2016-08-02,1:56:31:0
CAD=,1.3135,1.3139,1.3135,5129.0,2016-08-02,1:56:34:0
CAD=,1.3134,1.314,1.3134,5130.0,2016-08-02,1:56:38:0
CAD=,1.3135,1.3139,1.3135,5131.0,2016-08-02,1:56:45:0
CAD=,1.3133,1.314,1.3133,5132.0,2016-08-02,1:56:45:0
CAD=,1.3134,1.314,1.3134,5133.0,2016-08-02,1:56:45:0
CAD=,1.3135,1.3139,1.3135,5134.0,2016-08-02,1:56:54:0
CAD=,1.3135,1.3139,1.3135,5135.0,2016-08-02,1:56:59:0
CAD=,1.3135,1.3139,1.3135,5136.0,2016-08-02,1:57:0:0
CAD=,1.3136,1.3137,1.3136,5137.0,2016-08-02,1:57:1:0
CAD=,1.3136,1.3137,1.3136,5138.0,2016-08-02,1:57:3:0
CAD=,1.3134,1.3138,1.3134,5139.0,2016-08-02,1:57:22:0
CAD=,1.3132,1.3139,1.3132,5140.0,2016-08-02,1:57:25:0
CAD=,1.3134,1.3138,1.3134,5141.0,2016-08-02,1:57:27:0
CAD=,1.3134,1.3138,1.3134,5142.0,2016-08-02,1:57:29:0
CAD=,1.3134,1.3138,1.3134,5143.0,2016-08-02,1:57:33:0
CAD=,1.3134,1.3138,1.3134,5144.0,2016-08-02,1:57:35:0
CAD=,1.3134,1.3138,1.3134,5145.0,2016-08-02,1:57:40:0
CAD=,1.3133,1.314,1.3133,5146.0,2016-08-02,1:57:56:0
CAD=,1.3136,1.3137,1.3136,5147.0,2016-08-02,1:58:1:0
CAD=,1.3134,1.3138,1.3134,5148.0,2016-08-02,1:58:1:0
CAD=,1.3134,1.3138,1.3134,5149.0,2016-08-02,1:58:2:0
CAD=,1.3132,1.3137,1.3132,5150.0,2016-08-02,1:58:4:0
CAD=,1.3133,1.3139,1.3133,5151.0,2016-08-02,1:58:6:0
CAD=,1.3135,1.3138,1.3135,5152.0,2016-08-02,1:58:7:0
CAD=,1.3135,1.3138,1.3135,5153.0,2016-08-02,1:58:9:0
CAD=,1.3133,1.3137,1.3133,5154.0,2016-08-02,1:58:11:0
CAD=,1.3132,1.3136,1.3132,5155.0,2016-08-02,1:58:12:0
CAD=,1.3132,1.3136,1.3132,5156.0,2016-08-02,1:58:13:0
CAD=,1.313,1.3137,1.313,5157.0,2016-08-02,1:58:16:0
CAD=,1.3131,1.3137,1.3131,5158.0,2016-08-02,1:58:16:0
CAD=,1.3131,1.3137,1.3131,5159.0,2016-08-02,1:58:23:0
CAD=,1.313,1.3135,1.313,5160.0,2016-08-02,1:58:34:0
CAD=,1.3132,1.3136,1.3132,5161.0,2016-08-02,1:58:35:0
CAD=,1.3132,1.3138,1.3132,5162.0,2016-08-02,1:58:38:0
CAD=,1.3132,1.3138,1.3132,5163.0,2016-08-02,1:58:44:0
CAD=,1.3132,1.3136,1.3132,5164.0,2016-08-02,1:58:44:0
CAD=,1.313,1.3137,1.313,5165.0,2016-08-02,1:58:45:0
CAD=,1.3131,1.3135,1.3131,5166.0,2016-08-02,1:58:47:0
CAD=,1.3132,1.3136,1.3132,5167.0,2016-08-02,1:58:49:0
CAD=,1.3131,1.3137,1.3131,5168.0,2016-08-02,1:58:50:0
CAD=,1.3132,1.3136,1.3132,5169.0,2016-08-02,1:58:51:0
CAD=,1.3132,1.3136,1.3132,5170.0,2016-08-02,1:58:54:0
CAD=,1.3132,1.3136,1.3132,5171.0,2016-08-02,1:58:54:0
CAD=,1.3132,1.3136,1.3132,5172.0,2016-08-02,1:58:59:0
CAD=,1.3133,1.3134,1.3133,5173.0,2016-08-02,1:59:2:0
CAD=,1.313,1.3137,1.313,5174.0,2016-08-02,1:59:4:0
CAD=,1.3132,1.3136,1.3132,5175.0,2016-08-02,1:59:7:0
CAD=,1.3132,1.3136,1.3132,5176.0,2016-08-02,1:59:11:0
CAD=,1.3132,1.3136,1.3132,5177.0,2016-08-02,1:59:13:0
CAD=,1.3132,1.3136,1.3132,5178.0,2016-08-02,1:59:14:0
CAD=,1.3132,1.3136,1.3132,5179.0,2016-08-02,1:59:14:0
CAD=,1.3132,1.3136,1.3132,5180.0,2016-08-02,1:59:15:0
CAD=,1.3131,1.3135,1.3131,5181.0,2016-08-02,1:59:27:0
CAD=,1.313,1.3137,1.313,5182.0,2016-08-02,1:59:27:0
CAD=,1.313,1.3137,1.313,5183.0,2016-08-02,1:59:34:0
CAD=,1.3132,1.3136,1.3132,5184.0,2016-08-02,1:59:35:0
CAD=,1.3132,1.3136,1.3132,5185.0,2016-08-02,1:59:37:0
CAD=,1.3132,1.3136,1.3132,5186.0,2016-08-02,1:59:40:0
CAD=,1.3132,1.3136,1.3132,5187.0,2016-08-02,1:59:41:0
CAD=,1.3132,1.3136,1.3132,5188.0,2016-08-02,1:59:42:0
CAD=,1.3132,1.3136,1.3132,5189.0,2016-08-02,1:59:43:0
CAD=,1.313,1.3137,1.313,5190.0,2016-08-02,1:59:47:0
CAD=,1.3132,1.3136,1.3132,5191.0,2016-08-02,1:59:48:0
CAD=,1.3132,1.3136,1.3132,5192.0,2016-08-02,1:59:57:0
CAD=,1.3132,1.3136,1.3132,5193.0,2016-08-02,1:59:59:0
CAD=,1.3132,1.3136,1.3132,5194.0,2016-08-02,2:0:0:0
CAD=,1.3133,1.3134,1.3133,5195.0,2016-08-02,2:0:1:0
CAD=,1.3132,1.3136,1.3132,5196.0,2016-08-02,2:0:1:0
CAD=,1.3131,1.3135,1.3131,5197.0,2016-08-02,2:0:3:0
CAD=,1.3132,1.3136,1.3132,5198.0,2016-08-02,2:0:7:0
CAD=,1.313,1.3137,1.313,5199.0,2016-08-02,2:0:8:0
CAD=,1.3132,1.3135,1.3132,5200.0,2016-08-02,2:0:14:0
CAD=,1.313,1.3137,1.313,5201.0,2016-08-02,2:0:14:0
CAD=,1.3131,1.3135,1.3131,5202.0,2016-08-02,2:0:17:0
CAD=,1.3131,1.3135,1.3131,5203.0,2016-08-02,2:0:19:0
CAD=,1.3129,1.3134,1.3129,5204.0,2016-08-02,2:0:20:0
CAD=,1.3131,1.3135,1.3131,5205.0,2016-08-02,2:0:20:0
CAD=,1.3131,1.3135,1.3131,5206.0,2016-08-02,2:0:21:0
CAD=,1.3131,1.3135,1.3131,5207.0,2016-08-02,2:0:23:0
CAD=,1.3129,1.3136,1.3129,5208.0,2016-08-02,2:0:28:0
CAD=,1.313,1.3136,1.313,5209.0,2016-08-02,2:0:28:0
CAD=,1.3132,1.3136,1.3132,5210.0,2016-08-02,2:0:31:0
CAD=,1.3132,1.3136,1.3132,5211.0,2016-08-02,2:0:34:0
CAD=,1.3131,1.3137,1.3131,5212.0,2016-08-02,2:0:38:0
CAD=,1.3132,1.3136,1.3132,5213.0,2016-08-02,2:0:40:0
CAD=,1.3132,1.3136,1.3132,5214.0,2016-08-02,2:0:44:0
CAD=,1.313,1.3137,1.313,5215.0,2016-08-02,2:0:47:0
CAD=,1.313,1.3137,1.313,5216.0,2016-08-02,2:0:48:0
CAD=,1.313,1.3135,1.313,5217.0,2016-08-02,2:0:50:0
CAD=,1.3132,1.3136,1.3132,5218.0,2016-08-02,2:0:53:0
CAD=,1.3132,1.3136,1.3132,5219.0,2016-08-02,2:0:54:0
CAD=,1.3132,1.3136,1.3132,5220.0,2016-08-02,2:0:56:0
CAD=,1.3132,1.3136,1.3132,5221.0,2016-08-02,2:0:57:0
CAD=,1.3132,1.3136,1.3132,5222.0,2016-08-02,2:0:58:0
CAD=,1.3133,1.3134,1.3133,5223.0,2016-08-02,2:1:1:0
CAD=,1.3132,1.3136,1.3132,5224.0,2016-08-02,2:1:5:0
CAD=,1.313,1.3137,1.313,5225.0,2016-08-02,2:1:7:0
CAD=,1.3132,1.3136,1.3132,5226.0,2016-08-02,2:1:8:0
CAD=,1.3132,1.3138,1.3132,5227.0,2016-08-02,2:1:12:0
CAD=,1.3132,1.3136,1.3132,5228.0,2016-08-02,2:1:13:0
CAD=,1.3132,1.3136,1.3132,5229.0,2016-08-02,2:1:14:0
CAD=,1.3131,1.3136,1.3131,5230.0,2016-08-02,2:1:20:0
CAD=,1.3131,1.3136,1.3131,5231.0,2016-08-02,2:1:29:0
CAD=,1.3131,1.3137,1.3131,5232.0,2016-08-02,2:1:31:0
CAD=,1.3132,1.3136,1.3132,5233.0,2016-08-02,2:1:38:0
CAD=,1.3131,1.3137,1.3131,5234.0,2016-08-02,2:1:38:0
CAD=,1.3132,1.3136,1.3132,5235.0,2016-08-02,2:1:47:0
CAD=,1.3132,1.3136,1.3132,5236.0,2016-08-02,2:1:49:0
CAD=,1.313,1.3135,1.313,5237.0,2016-08-02,2:1:50:0
CAD=,1.3132,1.3136,1.3132,5238.0,2016-08-02,2:1:50:0
CAD=,1.3132,1.3136,1.3132,5239.0,2016-08-02,2:1:51:0
CAD=,1.3132,1.3136,1.3132,5240.0,2016-08-02,2:1:59:0
CAD=,1.3132,1.3136,1.3132,5241.0,2016-08-02,2:2:0:0
CAD=,1.3133,1.3135,1.3133,5242.0,2016-08-02,2:2:0:0
CAD=,1.3132,1.3136,1.3132,5243.0,2016-08-02,2:2:7:0
CAD=,1.3132,1.3136,1.3132,5244.0,2016-08-02,2:2:8:0
CAD=,1.3132,1.3136,1.3132,5245.0,2016-08-02,2:2:9:0
CAD=,1.3132,1.3136,1.3132,5246.0,2016-08-02,2:2:10:0
CAD=,1.3133,1.3135,1.3133,5247.0,2016-08-02,2:2:12:0
CAD=,1.3132,1.3136,1.3132,5248.0,2016-08-02,2:2:15:0
CAD=,1.3132,1.3138,1.3132,5249.0,2016-08-02,2:2:18:0
CAD=,1.3131,1.3136,1.3131,5250.0,2016-08-02,2:2:20:0
CAD=,1.3131,1.3136,1.3131,5251.0,2016-08-02,2:2:24:0
CAD=,1.3132,1.3136,1.3132,5252.0,2016-08-02,2:2:25:0
CAD=,1.3132,1.3136,1.3132,5253.0,2016-08-02,2:2:26:0
CAD=,1.3131,1.3137,1.3131,5254.0,2016-08-02,2:2:28:0
CAD=,1.3132,1.3136,1.3132,5255.0,2016-08-02,2:2:32:0
CAD=,1.3133,1.3137,1.3133,5256.0,2016-08-02,2:2:33:0
CAD=,1.3131,1.3138,1.3131,5257.0,2016-08-02,2:2:33:0
CAD=,1.3131,1.3138,1.3131,5258.0,2016-08-02,2:2:35:0
CAD=,1.3133,1.3137,1.3133,5259.0,2016-08-02,2:2:36:0
CAD=,1.3133,1.3137,1.3133,5260.0,2016-08-02,2:2:38:0
CAD=,1.3132,1.3138,1.3132,5261.0,2016-08-02,2:2:38:0
CAD=,1.3133,1.3137,1.3133,5262.0,2016-08-02,2:2:40:0
CAD=,1.3133,1.3137,1.3133,5263.0,2016-08-02,2:2:46:0
CAD=,1.3135,1.3139,1.3135,5264.0,2016-08-02,2:2:47:0
CAD=,1.3135,1.3139,1.3135,5265.0,2016-08-02,2:2:48:0
CAD=,1.3135,1.3139,1.3135,5266.0,2016-08-02,2:2:49:0
CAD=,1.3134,1.314,1.3134,5267.0,2016-08-02,2:2:49:0
CAD=,1.3133,1.3138,1.3133,5268.0,2016-08-02,2:2:50:0
CAD=,1.3134,1.3138,1.3134,5269.0,2016-08-02,2:2:51:0
CAD=,1.3133,1.314,1.3133,5270.0,2016-08-02,2:2:52:0
CAD=,1.3135,1.3139,1.3135,5271.0,2016-08-02,2:2:53:0
CAD=,1.3134,1.3138,1.3134,5272.0,2016-08-02,2:2:54:0
CAD=,1.3134,1.3138,1.3134,5273.0,2016-08-02,2:2:55:0
CAD=,1.3135,1.3139,1.3135,5274.0,2016-08-02,2:2:56:0
CAD=,1.3134,1.3138,1.3134,5275.0,2016-08-02,2:2:59:0
CAD=,1.3134,1.3138,1.3134,5276.0,2016-08-02,2:3:0:0
CAD=,1.3134,1.3138,1.3134,5277.0,2016-08-02,2:3:0:0
CAD=,1.3136,1.3137,1.3136,5278.0,2016-08-02,2:3:1:0
CAD=,1.3135,1.3139,1.3135,5279.0,2016-08-02,2:3:10:0
CAD=,1.3134,1.3138,1.3134,5280.0,2016-08-02,2:3:11:0
CAD=,1.3134,1.3138,1.3134,5281.0,2016-08-02,2:3:15:0
CAD=,1.3132,1.3139,1.3132,5282.0,2016-08-02,2:3:16:0
CAD=,1.3134,1.3138,1.3134,5283.0,2016-08-02,2:3:16:0
CAD=,1.3134,1.3138,1.3134,5284.0,2016-08-02,2:3:20:0
CAD=,1.3134,1.3138,1.3134,5285.0,2016-08-02,2:3:23:0
CAD=,1.3132,1.3137,1.3132,5286.0,2016-08-02,2:3:24:0
CAD=,1.3134,1.3138,1.3134,5287.0,2016-08-02,2:3:24:0
CAD=,1.3134,1.3138,1.3134,5288.0,2016-08-02,2:3:25:0
CAD=,1.3134,1.3138,1.3134,5289.0,2016-08-02,2:3:27:0
CAD=,1.3135,1.3139,1.3135,5290.0,2016-08-02,2:3:30:0
CAD=,1.3133,1.3138,1.3133,5291.0,2016-08-02,2:3:30:0
CAD=,1.3134,1.3138,1.3134,5292.0,2016-08-02,2:3:31:0
CAD=,1.3134,1.3138,1.3134,5293.0,2016-08-02,2:3:34:0
CAD=,1.3133,1.314,1.3133,5294.0,2016-08-02,2:3:36:0
CAD=,1.3135,1.3139,1.3135,5295.0,2016-08-02,2:3:36:0
CAD=,1.3134,1.3138,1.3134,5296.0,2016-08-02,2:3:37:0
CAD=,1.3134,1.3138,1.3134,5297.0,2016-08-02,2:3:42:0
CAD=,1.3136,1.314,1.3136,5298.0,2016-08-02,2:3:43:0
CAD=,1.3135,1.3139,1.3135,5299.0,2016-08-02,2:3:44:0
CAD=,1.3135,1.3139,1.3135,5300.0,2016-08-02,2:3:50:0
CAD=,1.3135,1.3139,1.3135,5301.0,2016-08-02,2:3:50:0
CAD=,1.3135,1.3141,1.3135,5302.0,2016-08-02,2:3:52:0
CAD=,1.3135,1.3139,1.3135,5303.0,2016-08-02,2:3:52:0
CAD=,1.3136,1.314,1.3136,5304.0,2016-08-02,2:3:53:0
CAD=,1.3134,1.3139,1.3134,5305.0,2016-08-02,2:3:54:0
CAD=,1.3135,1.3142,1.3135,5306.0,2016-08-02,2:3:56:0
CAD=,1.3138,1.3139,1.3138,5307.0,2016-08-02,2:4:1:0
CAD=,1.3136,1.3142,1.3136,5308.0,2016-08-02,2:4:2:0
CAD=,1.3136,1.3141,1.3136,5309.0,2016-08-02,2:4:3:0
CAD=,1.3136,1.3142,1.3136,5310.0,2016-08-02,2:4:3:0
CAD=,1.3136,1.314,1.3136,5311.0,2016-08-02,2:4:4:0
CAD=,1.3136,1.3141,1.3136,5312.0,2016-08-02,2:4:5:0
CAD=,1.3136,1.314,1.3136,5313.0,2016-08-02,2:4:5:0
CAD=,1.3136,1.314,1.3136,5314.0,2016-08-02,2:4:6:0
CAD=,1.3138,1.314,1.3138,5315.0,2016-08-02,2:4:7:0
CAD=,1.3137,1.3141,1.3137,5316.0,2016-08-02,2:4:8:0
CAD=,1.3136,1.314,1.3136,5317.0,2016-08-02,2:4:13:0
CAD=,1.3135,1.3142,1.3135,5318.0,2016-08-02,2:4:16:0
CAD=,1.3137,1.3141,1.3137,5319.0,2016-08-02,2:4:16:0
CAD=,1.3136,1.314,1.3136,5320.0,2016-08-02,2:4:16:0
CAD=,1.3137,1.3141,1.3137,5321.0,2016-08-02,2:4:18:0
CAD=,1.3137,1.3141,1.3137,5322.0,2016-08-02,2:4:19:0
CAD=,1.3136,1.3141,1.3136,5323.0,2016-08-02,2:4:24:0
CAD=,1.3137,1.3143,1.3137,5324.0,2016-08-02,2:4:24:0
CAD=,1.3137,1.3143,1.3137,5325.0,2016-08-02,2:4:27:0
CAD=,1.3137,1.3141,1.3137,5326.0,2016-08-02,2:4:28:0
CAD=,1.3137,1.3141,1.3137,5327.0,2016-08-02,2:4:30:0
CAD=,1.3137,1.3141,1.3137,5328.0,2016-08-02,2:4:31:0
CAD=,1.3136,1.314,1.3136,5329.0,2016-08-02,2:4:32:0
CAD=,1.3136,1.314,1.3136,5330.0,2016-08-02,2:4:33:0
CAD=,1.3134,1.3141,1.3134,5331.0,2016-08-02,2:4:36:0
CAD=,1.3136,1.3142,1.3136,5332.0,2016-08-02,2:4:36:0
CAD=,1.3136,1.314,1.3136,5333.0,2016-08-02,2:4:36:0
CAD=,1.3136,1.314,1.3136,5334.0,2016-08-02,2:4:37:0
CAD=,1.3136,1.314,1.3136,5335.0,2016-08-02,2:4:39:0
CAD=,1.3136,1.314,1.3136,5336.0,2016-08-02,2:4:47:0
CAD=,1.3136,1.314,1.3136,5337.0,2016-08-02,2:4:48:0
CAD=,1.3135,1.314,1.3135,5338.0,2016-08-02,2:4:54:0
CAD=,1.3135,1.3142,1.3135,5339.0,2016-08-02,2:4:56:0
CAD=,1.3135,1.3142,1.3135,5340.0,2016-08-02,2:4:57:0
CAD=,1.3136,1.314,1.3136,5341.0,2016-08-02,2:4:59:0
CAD=,1.3136,1.314,1.3136,5342.0,2016-08-02,2:5:0:0
CAD=,1.3136,1.314,1.3136,5343.0,2016-08-02,2:5:15:0
CAD=,1.3136,1.3143,1.3136,5344.0,2016-08-02,2:5:16:0
CAD=,1.3138,1.3142,1.3138,5345.0,2016-08-02,2:5:17:0
CAD=,1.3137,1.3143,1.3137,5346.0,2016-08-02,2:5:20:0
CAD=,1.3138,1.3142,1.3138,5347.0,2016-08-02,2:5:22:0
CAD=,1.3136,1.3141,1.3136,5348.0,2016-08-02,2:5:24:0
CAD=,1.3136,1.3141,1.3136,5349.0,2016-08-02,2:5:27:0
CAD=,1.3137,1.3141,1.3137,5350.0,2016-08-02,2:5:28:0
CAD=,1.3138,1.3142,1.3138,5351.0,2016-08-02,2:5:29:0
CAD=,1.3137,1.3141,1.3137,5352.0,2016-08-02,2:5:30:0
CAD=,1.3138,1.3142,1.3138,5353.0,2016-08-02,2:5:32:0
CAD=,1.3136,1.3143,1.3136,5354.0,2016-08-02,2:5:36:0
CAD=,1.3136,1.3143,1.3136,5355.0,2016-08-02,2:5:37:0
CAD=,1.3137,1.3141,1.3137,5356.0,2016-08-02,2:5:41:0
CAD=,1.3137,1.3141,1.3137,5357.0,2016-08-02,2:5:41:0
CAD=,1.3137,1.3141,1.3137,5358.0,2016-08-02,2:5:42:0
CAD=,1.3137,1.3141,1.3137,5359.0,2016-08-02,2:5:45:0
CAD=,1.3137,1.3141,1.3137,5360.0,2016-08-02,2:5:49:0
CAD=,1.3137,1.3141,1.3137,5361.0,2016-08-02,2:5:50:0
CAD=,1.3137,1.3141,1.3137,5362.0,2016-08-02,2:5:51:0
CAD=,1.3136,1.3142,1.3136,5363.0,2016-08-02,2:5:52:0
CAD=,1.3135,1.314,1.3135,5364.0,2016-08-02,2:5:54:0
CAD=,1.3137,1.3141,1.3137,5365.0,2016-08-02,2:5:55:0
CAD=,1.3135,1.3142,1.3135,5366.0,2016-08-02,2:5:56:0
CAD=,1.3137,1.3141,1.3137,5367.0,2016-08-02,2:6:0:0
CAD=,1.3138,1.3139,1.3138,5368.0,2016-08-02,2:6:1:0
CAD=,1.3137,1.314,1.3137,5369.0,2016-08-02,2:6:4:0
CAD=,1.3137,1.314,1.3137,5370.0,2016-08-02,2:6:5:0
CAD=,1.3137,1.3141,1.3137,5371.0,2016-08-02,2:6:7:0
CAD=,1.3137,1.3141,1.3137,5372.0,2016-08-02,2:6:9:0
CAD=,1.3137,1.3141,1.3137,5373.0,2016-08-02,2:6:11:0
CAD=,1.3137,1.3143,1.3137,5374.0,2016-08-02,2:6:13:0
CAD=,1.3137,1.3141,1.3137,5375.0,2016-08-02,2:6:14:0
CAD=,1.3137,1.3141,1.3137,5376.0,2016-08-02,2:6:15:0
CAD=,1.3137,1.3141,1.3137,5377.0,2016-08-02,2:6:21:0
CAD=,1.3136,1.3143,1.3136,5378.0,2016-08-02,2:6:21:0
CAD=,1.3137,1.3141,1.3137,5379.0,2016-08-02,2:6:22:0
CAD=,1.3137,1.3141,1.3137,5380.0,2016-08-02,2:6:22:0
CAD=,1.3137,1.3141,1.3137,5381.0,2016-08-02,2:6:24:0
CAD=,1.3136,1.3141,1.3136,5382.0,2016-08-02,2:6:24:0
CAD=,1.3136,1.3141,1.3136,5383.0,2016-08-02,2:6:33:0
CAD=,1.3137,1.3141,1.3137,5384.0,2016-08-02,2:6:36:0
CAD=,1.3137,1.3141,1.3137,5385.0,2016-08-02,2:6:38:0
CAD=,1.3135,1.3142,1.3135,5386.0,2016-08-02,2:6:40:0
CAD=,1.3137,1.3141,1.3137,5387.0,2016-08-02,2:6:44:0
CAD=,1.3137,1.3141,1.3137,5388.0,2016-08-02,2:6:46:0
CAD=,1.3135,1.314,1.3135,5389.0,2016-08-02,2:6:54:0
CAD=,1.3137,1.3141,1.3137,5390.0,2016-08-02,2:6:57:0
CAD=,1.3136,1.3142,1.3136,5391.0,2016-08-02,2:6:58:0
CAD=,1.3135,1.3142,1.3135,5392.0,2016-08-02,2:7:0:0
CAD=,1.3138,1.3139,1.3138,5393.0,2016-08-02,2:7:1:0
CAD=,1.3135,1.3142,1.3135,5394.0,2016-08-02,2:7:2:0
CAD=,1.3137,1.3141,1.3137,5395.0,2016-08-02,2:7:17:0
CAD=,1.3137,1.3141,1.3137,5396.0,2016-08-02,2:7:18:0
CAD=,1.3137,1.3141,1.3137,5397.0,2016-08-02,2:7:19:0
CAD=,1.3137,1.3141,1.3137,5398.0,2016-08-02,2:7:20:0
CAD=,1.3137,1.3143,1.3137,5399.0,2016-08-02,2:7:20:0
CAD=,1.3136,1.3143,1.3136,5400.0,2016-08-02,2:7:20:0
Symbol,Bid,Ask,Last,Volume,Date,Time
Symbol,Bid,Ask,Last,Volume,Date,Time
CAD=,1.3136,1.314,1.3136,5625.0,2016-08-02,2:17:50:0
CAD=,1.3136,1.314,1.3136,5626.0,2016-08-02,2:17:57:0
CAD=,1.3137,1.3138,1.3137,5627.0,2016-08-02,2:18:1:0
CAD=,1.3136,1.314,1.3136,5628.0,2016-08-02,2:18:2:0
CAD=,1.3136,1.314,1.3136,5629.0,2016-08-02,2:18:3:0
CAD=,1.3136,1.314,1.3136,5630.0,2016-08-02,2:18:8:0
CAD=,1.3136,1.314,1.3136,5631.0,2016-08-02,2:18:9:0
CAD=,1.3136,1.314,1.3136,5632.0,2016-08-02,2:18:13:0
CAD=,1.3136,1.314,1.3136,5633.0,2016-08-02,2:18:16:0
CAD=,1.3137,1.3142,1.3137,5634.0,2016-08-02,2:18:35:0
CAD=,1.3134,1.3139,1.3134,5635.0,2016-08-02,2:18:39:0
CAD=,1.3136,1.314,1.3136,5636.0,2016-08-02,2:18:39:0
CAD=,1.3134,1.3141,1.3134,5637.0,2016-08-02,2:18:39:0
CAD=,1.3136,1.314,1.3136,5638.0,2016-08-02,2:18:45:0
CAD=,1.3136,1.314,1.3136,5639.0,2016-08-02,2:18:46:0
CAD=,1.3136,1.314,1.3136,5640.0,2016-08-02,2:18:53:0
CAD=,1.3136,1.314,1.3136,5641.0,2016-08-02,2:18:56:0
CAD=,1.3135,1.3139,1.3135,5642.0,2016-08-02,2:19:1:0
CAD=,1.3134,1.3141,1.3134,5643.0,2016-08-02,2:19:1:0
CAD=,1.3137,1.3138,1.3137,5644.0,2016-08-02,2:19:1:0
CAD=,1.3135,1.3141,1.3135,5645.0,2016-08-02,2:19:8:0
CAD=,1.3135,1.3139,1.3135,5646.0,2016-08-02,2:19:10:0
CAD=,1.3135,1.3141,1.3135,5647.0,2016-08-02,2:19:10:0
CAD=,1.3135,1.3139,1.3135,5648.0,2016-08-02,2:19:15:0
CAD=,1.3135,1.3139,1.3135,5649.0,2016-08-02,2:19:16:0
CAD=,1.3136,1.314,1.3136,5650.0,2016-08-02,2:19:19:0
CAD=,1.3136,1.3142,1.3136,5651.0,2016-08-02,2:19:19:0
CAD=,1.3135,1.3139,1.3135,5652.0,2016-08-02,2:19:20:0
Symbol,Bid,Ask,Last,Volume,Date,Time
CAD=,1.3134,1.3141,1.3134,5656.0,2016-08-02,2:19:27:0
CAD=,1.3134,1.3141,1.3134,5657.0,2016-08-02,2:19:32:0
CAD=,1.3136,1.314,1.3136,5658.0,2016-08-02,2:19:33:0
CAD=,1.3136,1.314,1.3136,5660.0,2016-08-02,2:19:37:0
CAD=,1.3136,1.314,1.3136,5660.0,2016-08-02,2:19:37:0
CAD=,1.3136,1.314,1.3136,5661.0,2016-08-02,2:19:43:0
CAD=,1.3134,1.3141,1.3134,5662.0,2016-08-02,2:19:47:0
CAD=,1.3135,1.3139,1.3135,5663.0,2016-08-02,2:19:49:0
CAD=,1.3135,1.3139,1.3135,5664.0,2016-08-02,2:19:50:0
CAD=,1.3135,1.3139,1.3135,5665.0,2016-08-02,2:19:51:0
CAD=,1.3135,1.3139,1.3135,5666.0,2016-08-02,2:19:53:0
CAD=,1.3135,1.3139,1.3135,5667.0,2016-08-02,2:19:54:0
CAD=,1.3135,1.3139,1.3135,5668.0,2016-08-02,2:19:55:0
CAD=,1.3135,1.3139,1.3135,5669.0,2016-08-02,2:19:56:0
CAD=,1.3135,1.3139,1.3135,5670.0,2016-08-02,2:20:0:0
CAD=,1.3136,1.3138,1.3136,5671.0,2016-08-02,2:20:1:0
CAD=,1.3135,1.3139,1.3135,5672.0,2016-08-02,2:20:1:0
CAD=,1.3135,1.3141,1.3135,5673.0,2016-08-02,2:20:4:0
CAD=,1.3135,1.3139,1.3135,5674.0,2016-08-02,2:20:4:0
CAD=,1.3133,1.314,1.3133,5675.0,2016-08-02,2:20:7:0
CAD=,1.3134,1.3138,1.3134,5676.0,2016-08-02,2:20:12:0
CAD=,1.3133,1.3138,1.3133,5677.0,2016-08-02,2:20:12:0
CAD=,1.3135,1.3139,1.3135,5678.0,2016-08-02,2:20:13:0
CAD=,1.3133,1.3138,1.3133,5679.0,2016-08-02,2:20:13:0
CAD=,1.3135,1.3139,1.3135,5680.0,2016-08-02,2:20:20:0
CAD=,1.3135,1.3139,1.3135,5681.0,2016-08-02,2:20:22:0
CAD=,1.3134,1.3138,1.3134,5682.0,2016-08-02,2:20:23:0
CAD=,1.3134,1.3138,1.3134,5683.0,2016-08-02,2:20:24:0
CAD=,1.3133,1.314,1.3133,5684.0,2016-08-02,2:20:27:0
CAD=,1.3134,1.3138,1.3134,5685.0,2016-08-02,2:20:27:0
CAD=,1.3134,1.3138,1.3134,5686.0,2016-08-02,2:20:30:0
CAD=,1.3134,1.314,1.3134,5687.0,2016-08-02,2:20:36:0
CAD=,1.3134,1.3138,1.3134,5688.0,2016-08-02,2:20:40:0
CAD=,1.3134,1.314,1.3134,5689.0,2016-08-02,2:20:40:0
CAD=,1.3134,1.3138,1.3134,5690.0,2016-08-02,2:20:41:0
CAD=,1.3132,1.3137,1.3132,5691.0,2016-08-02,2:20:42:0
CAD=,1.3134,1.3138,1.3134,5692.0,2016-08-02,2:20:42:0
CAD=,1.3134,1.3138,1.3134,5693.0,2016-08-02,2:20:45:0
CAD=,1.3132,1.3139,1.3132,5694.0,2016-08-02,2:20:47:0
CAD=,1.3134,1.3138,1.3134,5695.0,2016-08-02,2:20:47:0
CAD=,1.3134,1.3138,1.3134,5696.0,2016-08-02,2:20:47:0
CAD=,1.3134,1.3138,1.3134,5697.0,2016-08-02,2:20:53:0
CAD=,1.3134,1.3138,1.3134,5698.0,2016-08-02,2:20:53:0
CAD=,1.3136,1.3137,1.3136,5699.0,2016-08-02,2:21:2:0
CAD=,1.3133,1.314,1.3133,5700.0,2016-08-02,2:21:7:0
CAD=,1.3133,1.314,1.3133,5701.0,2016-08-02,2:21:11:0
CAD=,1.3133,1.3138,1.3133,5702.0,2016-08-02,2:21:12:0
CAD=,1.3133,1.3138,1.3133,5703.0,2016-08-02,2:21:21:0
CAD=,1.3132,1.3139,1.3132,5704.0,2016-08-02,2:21:27:0
CAD=,1.3134,1.3138,1.3134,5705.0,2016-08-02,2:21:30:0
CAD=,1.3134,1.3138,1.3134,5706.0,2016-08-02,2:21:31:0
CAD=,1.3134,1.3138,1.3134,5707.0,2016-08-02,2:21:32:0
CAD=,1.3134,1.3138,1.3134,5708.0,2016-08-02,2:21:41:0
CAD=,1.3132,1.3137,1.3132,5709.0,2016-08-02,2:21:42:0
CAD=,1.3132,1.3137,1.3132,5710.0,2016-08-02,2:21:46:0
CAD=,1.3132,1.3139,1.3132,5711.0,2016-08-02,2:21:47:0
Symbol,Bid,Ask,Last,Volume,Date,Time
CAD=,1.3134,1.3138,1.3134,5715.0,2016-08-02,2:21:55:0
CAD=,1.3134,1.3138,1.3134,5716.0,2016-08-02,2:21:57:0
CAD=,1.3135,1.3136,1.3135,5717.0,2016-08-02,2:22:1:0
CAD=,1.3134,1.3138,1.3134,5718.0,2016-08-02,2:22:2:0
CAD=,1.3134,1.3138,1.3134,5719.0,2016-08-02,2:22:3:0
CAD=,1.3134,1.314,1.3134,5720.0,2016-08-02,2:22:4:0
CAD=,1.3134,1.314,1.3134,5721.0,2016-08-02,2:22:7:0
CAD=,1.3134,1.3138,1.3134,5722.0,2016-08-02,2:22:8:0
CAD=,1.3134,1.3138,1.3134,5723.0,2016-08-02,2:22:9:0
CAD=,1.3134,1.3138,1.3134,5724.0,2016-08-02,2:22:17:0
CAD=,1.3133,1.3137,1.3133,5725.0,2016-08-02,2:22:21:0
CAD=,1.3134,1.3138,1.3134,5726.0,2016-08-02,2:22:25:0
CAD=,1.3134,1.3138,1.3134,5727.0,2016-08-02,2:22:30:0
CAD=,1.3134,1.3138,1.3134,5728.0,2016-08-02,2:22:31:0
CAD=,1.3133,1.3138,1.3133,5729.0,2016-08-02,2:22:34:0
CAD=,1.3134,1.3138,1.3134,5730.0,2016-08-02,2:22:34:0
CAD=,1.3132,1.3139,1.3132,5731.0,2016-08-02,2:22:37:0
CAD=,1.3134,1.3138,1.3134,5732.0,2016-08-02,2:22:40:0
CAD=,1.3132,1.3139,1.3132,5733.0,2016-08-02,2:22:40:0
CAD=,1.3133,1.3137,1.3133,5734.0,2016-08-02,2:22:44:0
CAD=,1.3134,1.3138,1.3134,5735.0,2016-08-02,2:22:45:0
CAD=,1.3134,1.3138,1.3134,5736.0,2016-08-02,2:22:47:0
CAD=,1.3133,1.3137,1.3133,5737.0,2016-08-02,2:22:53:0
CAD=,1.3132,1.3139,1.3132,5738.0,2016-08-02,2:22:56:0
CAD=,1.3133,1.3139,1.3133,5739.0,2016-08-02,2:22:58:0
CAD=,1.3135,1.3136,1.3135,5740.0,2016-08-02,2:23:1:0
CAD=,1.3134,1.3138,1.3134,5741.0,2016-08-02,2:23:2:0
CAD=,1.3134,1.3138,1.3134,5742.0,2016-08-02,2:23:3:0
CAD=,1.3132,1.3137,1.3132,5743.0,2016-08-02,2:23:4:0
CAD=,1.3132,1.3137,1.3132,5744.0,2016-08-02,2:23:17:0
CAD=,1.3133,1.3137,1.3133,5745.0,2016-08-02,2:23:22:0
CAD=,1.3133,1.3137,1.3133,5746.0,2016-08-02,2:23:23:0
CAD=,1.3133,1.3137,1.3133,5747.0,2016-08-02,2:23:25:0
CAD=,1.3132,1.3139,1.3132,5748.0,2016-08-02,2:23:25:0
CAD=,1.3133,1.3137,1.3133,5749.0,2016-08-02,2:23:26:0
CAD=,1.3133,1.3137,1.3133,5750.0,2016-08-02,2:23:29:0
CAD=,1.3133,1.3137,1.3133,5751.0,2016-08-02,2:23:32:0
CAD=,1.3133,1.3137,1.3133,5752.0,2016-08-02,2:23:35:0
CAD=,1.3133,1.3137,1.3133,5753.0,2016-08-02,2:23:42:0
CAD=,1.3133,1.3137,1.3133,5754.0,2016-08-02,2:23:43:0
CAD=,1.3135,1.3136,1.3135,5755.0,2016-08-02,2:24:1:0
CAD=,1.3135,1.3136,1.3135,5756.0,2016-08-02,2:24:11:0
CAD=,1.3133,1.3137,1.3133,5757.0,2016-08-02,2:24:23:0
CAD=,1.3134,1.3138,1.3134,5758.0,2016-08-02,2:24:31:0
CAD=,1.3134,1.3138,1.3134,5759.0,2016-08-02,2:24:32:0
CAD=,1.3134,1.3138,1.3134,5760.0,2016-08-02,2:24:34:0
CAD=,1.3132,1.3139,1.3132,5761.0,2016-08-02,2:24:34:0
CAD=,1.3134,1.3138,1.3134,5762.0,2016-08-02,2:24:35:0
CAD=,1.3134,1.314,1.3134,5763.0,2016-08-02,2:24:36:0
CAD=,1.3134,1.3138,1.3134,5764.0,2016-08-02,2:24:42:0
CAD=,1.3134,1.3138,1.3134,5765.0,2016-08-02,2:24:43:0
CAD=,1.3134,1.3138,1.3134,5766.0,2016-08-02,2:24:43:0
CAD=,1.3134,1.3138,1.3134,5767.0,2016-08-02,2:24:45:0
CAD=,1.3134,1.3138,1.3134,5768.0,2016-08-02,2:24:49:0
CAD=,1.3135,1.3137,1.3135,5769.0,2016-08-02,2:25:1:0
CAD=,1.3135,1.3137,1.3135,5770.0,2016-08-02,2:25:15:0
CAD=,1.3134,1.3138,1.3134,5771.0,2016-08-02,2:25:16:0
CAD=,1.3134,1.3138,1.3134,5772.0,2016-08-02,2:25:20:0
CAD=,1.3133,1.314,1.3133,5773.0,2016-08-02,2:25:22:0
CAD=,1.3133,1.3138,1.3133,5774.0,2016-08-02,2:25:22:0
CAD=,1.3134,1.3138,1.3134,5775.0,2016-08-02,2:25:22:0
CAD=,1.3135,1.3139,1.3135,5776.0,2016-08-02,2:25:25:0
CAD=,1.3134,1.3138,1.3134,5777.0,2016-08-02,2:25:25:0
CAD=,1.3135,1.3141,1.3135,5778.0,2016-08-02,2:25:30:0
CAD=,1.3135,1.3141,1.3135,5779.0,2016-08-02,2:25:36:0
CAD=,1.3134,1.3138,1.3134,5780.0,2016-08-02,2:25:41:0
CAD=,1.3134,1.3138,1.3134,5781.0,2016-08-02,2:25:47:0
CAD=,1.3134,1.314,1.3134,5782.0,2016-08-02,2:25:50:0
CAD=,1.3134,1.3138,1.3134,5783.0,2016-08-02,2:25:51:0
CAD=,1.3133,1.3138,1.3133,5784.0,2016-08-02,2:25:52:0
CAD=,1.3134,1.3138,1.3134,5785.0,2016-08-02,2:25:52:0
CAD=,1.3134,1.3138,1.3134,5786.0,2016-08-02,2:25:53:0
CAD=,1.3134,1.3138,1.3134,5787.0,2016-08-02,2:25:54:0
CAD=,1.3134,1.3138,1.3134,5788.0,2016-08-02,2:25:54:0
CAD=,1.3133,1.314,1.3133,5789.0,2016-08-02,2:26:0:0
CAD=,1.3134,1.3138,1.3134,5790.0,2016-08-02,2:26:0:0
CAD=,1.3136,1.3137,1.3136,5791.0,2016-08-02,2:26:1:0
CAD=,1.3134,1.3138,1.3134,5792.0,2016-08-02,2:26:1:0
CAD=,1.3135,1.3138,1.3135,5793.0,2016-08-02,2:26:3:0
CAD=,1.3134,1.3138,1.3134,5794.0,2016-08-02,2:26:7:0
CAD=,1.3134,1.3138,1.3134,5795.0,2016-08-02,2:26:15:0
CAD=,1.3134,1.3138,1.3134,5796.0,2016-08-02,2:26:16:0
CAD=,1.3134,1.3138,1.3134,5797.0,2016-08-02,2:26:17:0
CAD=,1.3132,1.3139,1.3132,5798.0,2016-08-02,2:26:20:0
CAD=,1.3132,1.3137,1.3132,5799.0,2016-08-02,2:26:22:0
CAD=,1.3133,1.3137,1.3133,5800.0,2016-08-02,2:26:22:0
CAD=,1.3133,1.3139,1.3133,5801.0,2016-08-02,2:26:24:0
CAD=,1.3134,1.3138,1.3134,5802.0,2016-08-02,2:26:24:0
CAD=,1.3134,1.3138,1.3134,5803.0,2016-08-02,2:26:25:0
CAD=,1.3133,1.3137,1.3133,5804.0,2016-08-02,2:26:29:0
CAD=,1.3134,1.3138,1.3134,5805.0,2016-08-02,2:26:29:0
CAD=,1.3133,1.3137,1.3133,5806.0,2016-08-02,2:26:34:0
CAD=,1.3134,1.3138,1.3134,5807.0,2016-08-02,2:26:35:0
CAD=,1.3133,1.3137,1.3133,5808.0,2016-08-02,2:26:35:0
CAD=,1.3134,1.3138,1.3134,5809.0,2016-08-02,2:26:37:0
CAD=,1.3134,1.3138,1.3134,5810.0,2016-08-02,2:26:39:0
CAD=,1.3132,1.3139,1.3132,5811.0,2016-08-02,2:26:40:0
CAD=,1.3132,1.3139,1.3132,5812.0,2016-08-02,2:26:42:0
CAD=,1.3134,1.314,1.3134,5813.0,2016-08-02,2:26:46:0
CAD=,1.3134,1.3138,1.3134,5814.0,2016-08-02,2:26:51:0
CAD=,1.3134,1.3138,1.3134,5815.0,2016-08-02,2:26:56:0
CAD=,1.3133,1.3137,1.3133,5816.0,2016-08-02,2:26:58:0
CAD=,1.3135,1.3137,1.3135,5817.0,2016-08-02,2:27:1:0
Symbol,Bid,Ask,Last,Volume,Date,Time
CAD=,1.3134,1.3138,1.3134,5909.0,2016-08-02,2:31:38:0
CAD=,1.3136,1.3137,1.3136,5910.0,2016-08-02,2:32:1:0
CAD=,1.3134,1.3138,1.3134,5911.0,2016-08-02,2:32:2:0
CAD=,1.3135,1.3138,1.3135,5912.0,2016-08-02,2:32:3:0
CAD=,1.3135,1.3138,1.3135,5913.0,2016-08-02,2:32:10:0
CAD=,1.3134,1.3138,1.3134,5914.0,2016-08-02,2:32:16:0
CAD=,1.3134,1.3138,1.3134,5915.0,2016-08-02,2:32:20:0
CAD=,1.3134,1.3138,1.3134,5916.0,2016-08-02,2:32:28:0
CAD=,1.3134,1.3138,1.3134,5917.0,2016-08-02,2:32:29:0
CAD=,1.3134,1.3138,1.3134,5918.0,2016-08-02,2:32:46:0
CAD=,1.3136,1.3137,1.3136,5919.0,2016-08-02,2:33:1:0
CAD=,1.3134,1.3138,1.3134,5920.0,2016-08-02,2:33:3:0
CAD=,1.3134,1.3138,1.3134,5921.0,2016-08-02,2:33:9:0
CAD=,1.3132,1.3139,1.3132,5922.0,2016-08-02,2:33:11:0
CAD=,1.3134,1.3138,1.3134,5923.0,2016-08-02,2:33:11:0
CAD=,1.3133,1.3137,1.3133,5924.0,2016-08-02,2:33:12:0
CAD=,1.3132,1.3137,1.3132,5925.0,2016-08-02,2:33:13:0
CAD=,1.3133,1.3137,1.3133,5926.0,2016-08-02,2:33:16:0
CAD=,1.3133,1.3137,1.3133,5927.0,2016-08-02,2:33:17:0
CAD=,1.3132,1.3136,1.3132,5928.0,2016-08-02,2:33:18:0
CAD=,1.3133,1.3137,1.3133,5929.0,2016-08-02,2:33:19:0
CAD=,1.3132,1.3138,1.3132,5930.0,2016-08-02,2:33:20:0
CAD=,1.3132,1.3138,1.3132,5931.0,2016-08-02,2:33:22:0
CAD=,1.3133,1.3139,1.3133,5932.0,2016-08-02,2:33:30:0
CAD=,1.3131,1.3138,1.3131,5933.0,2016-08-02,2:33:31:0
CAD=,1.3131,1.3138,1.3131,5934.0,2016-08-02,2:33:39:0
CAD=,1.3131,1.3136,1.3131,5935.0,2016-08-02,2:33:43:0
CAD=,1.3132,1.3136,1.3132,5936.0,2016-08-02,2:33:44:0
CAD=,1.3132,1.3138,1.3132,5937.0,2016-08-02,2:33:52:0
CAD=,1.3132,1.3138,1.3132,5938.0,2016-08-02,2:33:54:0
CAD=,1.3133,1.3137,1.3133,5939.0,2016-08-02,2:33:56:0
CAD=,1.3133,1.3137,1.3133,5940.0,2016-08-02,2:34:0:0
CAD=,1.3134,1.3135,1.3134,5941.0,2016-08-02,2:34:1:0
CAD=,1.3133,1.3136,1.3133,5942.0,2016-08-02,2:34:2:0
CAD=,1.3133,1.3139,1.3133,5943.0,2016-08-02,2:34:3:0
CAD=,1.3133,1.3139,1.3133,5944.0,2016-08-02,2:34:11:0
CAD=,1.3132,1.3136,1.3132,5945.0,2016-08-02,2:34:56:0
CAD=,1.3132,1.3136,1.3132,5946.0,2016-08-02,2:34:57:0
CAD=,1.3133,1.3137,1.3133,5947.0,2016-08-02,2:35:0:0
CAD=,1.3133,1.3137,1.3133,5948.0,2016-08-02,2:35:1:0
CAD=,1.3132,1.3139,1.3132,5949.0,2016-08-02,2:35:1:0
CAD=,1.3134,1.3135,1.3134,5950.0,2016-08-02,2:35:2:0
CAD=,1.3133,1.3137,1.3133,5951.0,2016-08-02,2:35:2:0
CAD=,1.3133,1.3137,1.3133,5952.0,2016-08-02,2:35:5:0
CAD=,1.3132,1.3137,1.3132,5953.0,2016-08-02,2:35:5:0
CAD=,1.3133,1.3137,1.3133,5954.0,2016-08-02,2:35:5:0
CAD=,1.3133,1.3137,1.3133,5955.0,2016-08-02,2:35:9:0
CAD=,1.3132,1.3139,1.3132,5956.0,2016-08-02,2:35:20:0
CAD=,1.3132,1.3139,1.3132,5957.0,2016-08-02,2:35:26:0
CAD=,1.3134,1.3138,1.3134,5958.0,2016-08-02,2:35:39:0
CAD=,1.3133,1.314,1.3133,5959.0,2016-08-02,2:35:45:0
CAD=,1.3135,1.3139,1.3135,5960.0,2016-08-02,2:35:45:0
CAD=,1.3133,1.3138,1.3133,5961.0,2016-08-02,2:35:45:0
CAD=,1.3135,1.3139,1.3135,5962.0,2016-08-02,2:35:46:0
CAD=,1.3135,1.3139,1.3135,5963.0,2016-08-02,2:35:47:0
CAD=,1.3135,1.3139,1.3135,5964.0,2016-08-02,2:35:48:0
CAD=,1.3135,1.3141,1.3135,5965.0,2016-08-02,2:35:49:0
CAD=,1.3135,1.3139,1.3135,5966.0,2016-08-02,2:35:52:0
CAD=,1.3134,1.3138,1.3134,5967.0,2016-08-02,2:35:55:0
CAD=,1.3134,1.3138,1.3134,5968.0,2016-08-02,2:35:55:0
CAD=,1.3134,1.3138,1.3134,5969.0,2016-08-02,2:35:58:0
CAD=,1.3134,1.3138,1.3134,5970.0,2016-08-02,2:35:59:0
CAD=,1.3134,1.3138,1.3134,5971.0,2016-08-02,2:36:0:0
CAD=,1.3134,1.314,1.3134,5972.0,2016-08-02,2:36:0:0
CAD=,1.3136,1.3137,1.3136,5973.0,2016-08-02,2:36:1:0
CAD=,1.3135,1.3138,1.3135,5974.0,2016-08-02,2:36:3:0
CAD=,1.3133,1.314,1.3133,5975.0,2016-08-02,2:36:4:0
CAD=,1.3133,1.3137,1.3133,5976.0,2016-08-02,2:36:7:0
CAD=,1.3134,1.3138,1.3134,5977.0,2016-08-02,2:36:9:0
CAD=,1.3133,1.3137,1.3133,5978.0,2016-08-02,2:36:9:0
CAD=,1.3133,1.3137,1.3133,5979.0,2016-08-02,2:36:10:0
CAD=,1.3133,1.3139,1.3133,5980.0,2016-08-02,2:36:12:0
CAD=,1.3132,1.3137,1.3132,5981.0,2016-08-02,2:36:15:0
CAD=,1.3134,1.3138,1.3134,5982.0,2016-08-02,2:36:19:0
CAD=,1.3134,1.3138,1.3134,5983.0,2016-08-02,2:36:22:0
CAD=,1.3134,1.314,1.3134,5984.0,2016-08-02,2:36:24:0
CAD=,1.3132,1.3139,1.3132,5985.0,2016-08-02,2:36:24:0
CAD=,1.3134,1.3138,1.3134,5986.0,2016-08-02,2:36:25:0
CAD=,1.3134,1.3138,1.3134,5987.0,2016-08-02,2:36:26:0
CAD=,1.3133,1.3137,1.3133,5988.0,2016-08-02,2:36:31:0
CAD=,1.3134,1.3138,1.3134,5989.0,2016-08-02,2:36:32:0
CAD=,1.3134,1.3138,1.3134,5990.0,2016-08-02,2:36:33:0
CAD=,1.3134,1.3138,1.3134,5991.0,2016-08-02,2:36:33:0
CAD=,1.3133,1.3139,1.3133,5992.0,2016-08-02,2:36:34:0
CAD=,1.3134,1.3138,1.3134,5993.0,2016-08-02,2:36:38:0
CAD=,1.3134,1.3138,1.3134,5994.0,2016-08-02,2:36:42:0
CAD=,1.3134,1.3138,1.3134,5995.0,2016-08-02,2:36:42:0
CAD=,1.3134,1.3138,1.3134,5996.0,2016-08-02,2:36:43:0
CAD=,1.3134,1.3138,1.3134,5997.0,2016-08-02,2:36:48:0
CAD=,1.3134,1.314,1.3134,5998.0,2016-08-02,2:36:56:0
CAD=,1.3134,1.3138,1.3134,5999.0,2016-08-02,2:36:59:0
CAD=,1.3135,1.3136,1.3135,6000.0,2016-08-02,2:37:1:0
CAD=,1.3133,1.3137,1.3133,6001.0,2016-08-02,2:37:2:0
CAD=,1.3134,1.3138,1.3134,6002.0,2016-08-02,2:37:2:0
CAD=,1.3133,1.3139,1.3133,6003.0,2016-08-02,2:37:6:0
CAD=,1.3133,1.3137,1.3133,6004.0,2016-08-02,2:37:8:0
CAD=,1.3132,1.3139,1.3132,6005.0,2016-08-02,2:37:9:0
CAD=,1.3133,1.3137,1.3133,6006.0,2016-08-02,2:37:9:0
CAD=,1.3133,1.3137,1.3133,6007.0,2016-08-02,2:37:13:0
CAD=,1.3133,1.3137,1.3133,6008.0,2016-08-02,2:37:15:0
CAD=,1.3133,1.3137,1.3133,6009.0,2016-08-02,2:37:25:0
CAD=,1.3133,1.3137,1.3133,6010.0,2016-08-02,2:37:26:0
CAD=,1.3131,1.3136,1.3131,6011.0,2016-08-02,2:37:26:0
CAD=,1.3133,1.3137,1.3133,6012.0,2016-08-02,2:37:27:0
CAD=,1.3131,1.3138,1.3131,6013.0,2016-08-02,2:37:29:0
CAD=,1.3131,1.3138,1.3131,6014.0,2016-08-02,2:37:32:0
CAD=,1.3133,1.3137,1.3133,6015.0,2016-08-02,2:37:39:0
CAD=,1.3133,1.3137,1.3133,6016.0,2016-08-02,2:37:40:0
CAD=,1.3133,1.3137,1.3133,6017.0,2016-08-02,2:37:47:0
CAD=,1.3132,1.3139,1.3132,6018.0,2016-08-02,2:37:48:0
CAD=,1.3133,1.3137,1.3133,6019.0,2016-08-02,2:37:49:0
CAD=,1.3132,1.3137,1.3132,6020.0,2016-08-02,2:37:56:0
CAD=,1.3133,1.3137,1.3133,6021.0,2016-08-02,2:37:58:0
CAD=,1.3134,1.3135,1.3134,6022.0,2016-08-02,2:38:1:0
CAD=,1.3133,1.3137,1.3133,6023.0,2016-08-02,2:38:1:0
CAD=,1.3132,1.3138,1.3132,6024.0,2016-08-02,2:38:2:0
CAD=,1.3134,1.3136,1.3134,6025.0,2016-08-02,2:38:2:0
CAD=,1.3131,1.3138,1.3131,6026.0,2016-08-02,2:38:8:0
CAD=,1.3133,1.3137,1.3133,6027.0,2016-08-02,2:38:9:0
CAD=,1.3133,1.3137,1.3133,6028.0,2016-08-02,2:38:10:0
CAD=,1.3133,1.3139,1.3133,6029.0,2016-08-02,2:38:12:0
CAD=,1.3133,1.3137,1.3133,6030.0,2016-08-02,2:38:15:0
CAD=,1.3133,1.3139,1.3133,6031.0,2016-08-02,2:38:15:0
CAD=,1.3133,1.3137,1.3133,6032.0,2016-08-02,2:38:16:0
CAD=,1.3133,1.3137,1.3133,6033.0,2016-08-02,2:38:20:0
CAD=,1.3133,1.3137,1.3133,6034.0,2016-08-02,2:38:23:0
CAD=,1.3133,1.3137,1.3133,6035.0,2016-08-02,2:38:25:0
CAD=,1.3132,1.3139,1.3132,6036.0,2016-08-02,2:38:28:0
CAD=,1.3133,1.3137,1.3133,6037.0,2016-08-02,2:38:30:0
CAD=,1.3133,1.3137,1.3133,6038.0,2016-08-02,2:38:33:0
CAD=,1.3133,1.3137,1.3133,6039.0,2016-08-02,2:38:50:0
CAD=,1.3133,1.3137,1.3133,6040.0,2016-08-02,2:38:51:0
CAD=,1.3133,1.3137,1.3133,6041.0,2016-08-02,2:38:52:0
CAD=,1.3133,1.3137,1.3133,6042.0,2016-08-02,2:38:53:0
CAD=,1.3135,1.3136,1.3135,6043.0,2016-08-02,2:39:2:0
CAD=,1.3133,1.3137,1.3133,6044.0,2016-08-02,2:39:10:0
CAD=,1.3133,1.3137,1.3133,6045.0,2016-08-02,2:39:13:0
CAD=,1.3133,1.3137,1.3133,6046.0,2016-08-02,2:39:32:0
CAD=,1.3133,1.3137,1.3133,6047.0,2016-08-02,2:39:34:0
CAD=,1.3133,1.3137,1.3133,6048.0,2016-08-02,2:39:40:0
CAD=,1.3133,1.3137,1.3133,6049.0,2016-08-02,2:39:49:0
CAD=,1.3135,1.3136,1.3135,6050.0,2016-08-02,2:40:1:0
CAD=,1.3134,1.3137,1.3134,6051.0,2016-08-02,2:40:2:0
CAD=,1.3134,1.3137,1.3134,6052.0,2016-08-02,2:40:13:0
CAD=,1.3131,1.3138,1.3131,6053.0,2016-08-02,2:40:19:0
CAD=,1.3133,1.3137,1.3133,6054.0,2016-08-02,2:40:21:0
CAD=,1.3132,1.3136,1.3132,6055.0,2016-08-02,2:40:22:0
CAD=,1.3132,1.3136,1.3132,6056.0,2016-08-02,2:40:23:0
CAD=,1.3131,1.3136,1.3131,6057.0,2016-08-02,2:40:23:0
CAD=,1.3132,1.3138,1.3132,6058.0,2016-08-02,2:40:23:0
CAD=,1.3132,1.3138,1.3132,6059.0,2016-08-02,2:40:29:0
CAD=,1.3132,1.3136,1.3132,6060.0,2016-08-02,2:40:30:0
CAD=,1.3132,1.3136,1.3132,6061.0,2016-08-02,2:40:37:0
CAD=,1.3131,1.3138,1.3131,6062.0,2016-08-02,2:40:39:0
CAD=,1.3131,1.3138,1.3131,6063.0,2016-08-02,2:40:44:0
CAD=,1.3131,1.3138,1.3131,6064.0,2016-08-02,2:40:59:0
CAD=,1.3134,1.3135,1.3134,6065.0,2016-08-02,2:41:1:0
CAD=,1.3134,1.3135,1.3134,6066.0,2016-08-02,2:41:13:0
CAD=,1.3132,1.3136,1.3132,6067.0,2016-08-02,2:41:16:0
CAD=,1.3132,1.3136,1.3132,6068.0,2016-08-02,2:41:18:0
CAD=,1.3132,1.3136,1.3132,6069.0,2016-08-02,2:41:25:0
CAD=,1.3132,1.3136,1.3132,6070.0,2016-08-02,2:41:27:0
CAD=,1.3132,1.3136,1.3132,6071.0,2016-08-02,2:41:45:0
CAD=,1.3131,1.3138,1.3131,6072.0,2016-08-02,2:41:48:0
CAD=,1.3131,1.3138,1.3131,6073.0,2016-08-02,2:41:57:0
CAD=,1.3134,1.3135,1.3134,6074.0,2016-08-02,2:42:1:0
CAD=,1.3133,1.3136,1.3133,6075.0,2016-08-02,2:42:3:0
CAD=,1.3133,1.3136,1.3133,6076.0,2016-08-02,2:42:12:0
CAD=,1.3132,1.3136,1.3132,6077.0,2016-08-02,2:42:23:0
CAD=,1.313,1.3137,1.313,6078.0,2016-08-02,2:42:24:0
CAD=,1.3132,1.3136,1.3132,6079.0,2016-08-02,2:42:25:0
CAD=,1.313,1.3135,1.313,6080.0,2016-08-02,2:42:25:0
CAD=,1.3132,1.3136,1.3132,6081.0,2016-08-02,2:42:26:0
CAD=,1.3132,1.3136,1.3132,6082.0,2016-08-02,2:42:28:0
CAD=,1.3132,1.3136,1.3132,6083.0,2016-08-02,2:42:31:0
CAD=,1.3132,1.3136,1.3132,6084.0,2016-08-02,2:42:36:0
CAD=,1.3132,1.3136,1.3132,6085.0,2016-08-02,2:42:43:0
CAD=,1.3131,1.3138,1.3131,6086.0,2016-08-02,2:42:44:0
CAD=,1.3132,1.3136,1.3132,6087.0,2016-08-02,2:42:48:0
CAD=,1.3132,1.3136,1.3132,6088.0,2016-08-02,2:42:49:0
CAD=,1.3132,1.3136,1.3132,6089.0,2016-08-02,2:42:51:0
CAD=,1.3132,1.3136,1.3132,6090.0,2016-08-02,2:42:53:0
CAD=,1.313,1.3135,1.313,6091.0,2016-08-02,2:42:55:0
CAD=,1.3132,1.3136,1.3132,6092.0,2016-08-02,2:43:0:0
CAD=,1.3132,1.3136,1.3132,6093.0,2016-08-02,2:43:1:0
CAD=,1.3133,1.3134,1.3133,6094.0,2016-08-02,2:43:2:0
CAD=,1.3133,1.3134,1.3133,6095.0,2016-08-02,2:43:2:0
CAD=,1.3132,1.3136,1.3132,6096.0,2016-08-02,2:43:3:0
CAD=,1.313,1.3137,1.313,6097.0,2016-08-02,2:43:4:0
CAD=,1.3132,1.3136,1.3132,6098.0,2016-08-02,2:43:5:0
CAD=,1.3131,1.3135,1.3131,6099.0,2016-08-02,2:43:7:0
CAD=,1.3131,1.3137,1.3131,6100.0,2016-08-02,2:43:7:0
CAD=,1.3131,1.3137,1.3131,6101.0,2016-08-02,2:43:10:0
CAD=,1.3131,1.3135,1.3131,6102.0,2016-08-02,2:43:14:0
CAD=,1.3132,1.3136,1.3132,6103.0,2016-08-02,2:43:15:0
CAD=,1.3132,1.3138,1.3132,6104.0,2016-08-02,2:43:18:0
CAD=,1.3132,1.3136,1.3132,6105.0,2016-08-02,2:43:20:0
CAD=,1.3132,1.3136,1.3132,6106.0,2016-08-02,2:43:23:0
CAD=,1.3131,1.3138,1.3131,6107.0,2016-08-02,2:43:24:0
CAD=,1.3131,1.3136,1.3131,6108.0,2016-08-02,2:43:25:0
CAD=,1.3132,1.3136,1.3132,6109.0,2016-08-02,2:43:27:0
CAD=,1.3132,1.3136,1.3132,6110.0,2016-08-02,2:43:28:0
CAD=,1.3132,1.3136,1.3132,6111.0,2016-08-02,2:43:29:0
CAD=,1.3132,1.3136,1.3132,6112.0,2016-08-02,2:43:30:0
CAD=,1.3132,1.3136,1.3132,6113.0,2016-08-02,2:43:31:0
CAD=,1.3132,1.3136,1.3132,6114.0,2016-08-02,2:43:31:0
CAD=,1.313,1.3137,1.313,6115.0,2016-08-02,2:43:44:0
CAD=,1.313,1.3137,1.313,6116.0,2016-08-02,2:43:53:0
CAD=,1.313,1.3135,1.313,6117.0,2016-08-02,2:43:55:0
CAD=,1.3131,1.3135,1.3131,6118.0,2016-08-02,2:43:58:0
CAD=,1.3131,1.3135,1.3131,6119.0,2016-08-02,2:44:0:0
CAD=,1.3133,1.3134,1.3133,6120.0,2016-08-02,2:44:0:0
CAD=,1.3133,1.3134,1.3133,6121.0,2016-08-02,2:44:1:0
CAD=,1.3131,1.3137,1.3131,6122.0,2016-08-02,2:44:2:0
CAD=,1.3132,1.3135,1.3132,6123.0,2016-08-02,2:44:3:0
CAD=,1.313,1.3137,1.313,6124.0,2016-08-02,2:44:4:0
CAD=,1.3132,1.3136,1.3132,6125.0,2016-08-02,2:44:6:0
CAD=,1.3131,1.3135,1.3131,6126.0,2016-08-02,2:44:8:0
CAD=,1.3131,1.3135,1.3131,6127.0,2016-08-02,2:44:13:0
CAD=,1.3131,1.3135,1.3131,6128.0,2016-08-02,2:44:15:0
CAD=,1.313,1.3137,1.313,6129.0,2016-08-02,2:44:25:0
CAD=,1.313,1.3137,1.313,6130.0,2016-08-02,2:44:30:0
CAD=,1.3131,1.3135,1.3131,6131.0,2016-08-02,2:44:40:0
CAD=,1.3131,1.3135,1.3131,6132.0,2016-08-02,2:44:43:0
CAD=,1.3131,1.3135,1.3131,6133.0,2016-08-02,2:44:49:0
CAD=,1.3131,1.3135,1.3131,6134.0,2016-08-02,2:44:52:0
CAD=,1.313,1.3137,1.313,6135.0,2016-08-02,2:44:52:0
CAD=,1.313,1.3137,1.313,6136.0,2016-08-02,2:44:56:0
CAD=,1.3131,1.3135,1.3131,6137.0,2016-08-02,2:45:1:0
CAD=,1.3133,1.3134,1.3133,6138.0,2016-08-02,2:45:1:0
CAD=,1.3131,1.3135,1.3131,6139.0,2016-08-02,2:45:5:0
CAD=,1.3131,1.3135,1.3131,6140.0,2016-08-02,2:45:7:0
CAD=,1.3132,1.3136,1.3132,6141.0,2016-08-02,2:45:8:0
CAD=,1.3132,1.3136,1.3132,6142.0,2016-08-02,2:45:10:0
CAD=,1.3131,1.3135,1.3131,6143.0,2016-08-02,2:45:11:0
CAD=,1.3131,1.3135,1.3131,6144.0,2016-08-02,2:45:12:0
CAD=,1.3131,1.3135,1.3131,6145.0,2016-08-02,2:45:13:0
CAD=,1.3131,1.3135,1.3131,6146.0,2016-08-02,2:45:20:0
CAD=,1.3131,1.3135,1.3131,6147.0,2016-08-02,2:45:22:0
CAD=,1.3132,1.3136,1.3132,6148.0,2016-08-02,2:45:24:0
CAD=,1.3132,1.3136,1.3132,6149.0,2016-08-02,2:45:27:0
CAD=,1.3132,1.3136,1.3132,6150.0,2016-08-02,2:45:29:0
CAD=,1.3131,1.3136,1.3131,6151.0,2016-08-02,2:45:30:0
CAD=,1.313,1.3137,1.313,6152.0,2016-08-02,2:45:30:0
CAD=,1.3132,1.3136,1.3132,6153.0,2016-08-02,2:45:31:0
CAD=,1.3132,1.3136,1.3132,6154.0,2016-08-02,2:45:32:0
CAD=,1.3132,1.3136,1.3132,6155.0,2016-08-02,2:45:35:0
CAD=,1.3132,1.3136,1.3132,6156.0,2016-08-02,2:45:37:0
CAD=,1.3131,1.3135,1.3131,6157.0,2016-08-02,2:45:38:0
CAD=,1.3131,1.3135,1.3131,6158.0,2016-08-02,2:45:45:0
CAD=,1.313,1.3137,1.313,6159.0,2016-08-02,2:45:50:0
CAD=,1.3132,1.3136,1.3132,6160.0,2016-08-02,2:45:56:0
CAD=,1.3132,1.3136,1.3132,6161.0,2016-08-02,2:45:57:0
CAD=,1.3131,1.3136,1.3131,6162.0,2016-08-02,2:46:0:0
CAD=,1.3132,1.3138,1.3132,6163.0,2016-08-02,2:46:0:0
CAD=,1.3133,1.3134,1.3133,6164.0,2016-08-02,2:46:1:0
CAD=,1.3133,1.3134,1.3133,6165.0,2016-08-02,2:46:3:0
CAD=,1.3132,1.3136,1.3132,6166.0,2016-08-02,2:46:6:0
CAD=,1.3133,1.3135,1.3133,6167.0,2016-08-02,2:46:7:0
CAD=,1.3132,1.3136,1.3132,6168.0,2016-08-02,2:46:7:0
CAD=,1.313,1.3137,1.313,6169.0,2016-08-02,2:46:10:0
CAD=,1.3132,1.3136,1.3132,6170.0,2016-08-02,2:46:16:0
CAD=,1.3132,1.3136,1.3132,6171.0,2016-08-02,2:46:16:0
CAD=,1.3132,1.3136,1.3132,6172.0,2016-08-02,2:46:22:0
CAD=,1.3131,1.3136,1.3131,6173.0,2016-08-02,2:46:30:0
CAD=,1.3131,1.3138,1.3131,6174.0,2016-08-02,2:46:31:0
CAD=,1.3133,1.3137,1.3133,6175.0,2016-08-02,2:46:31:0
CAD=,1.3133,1.3137,1.3133,6176.0,2016-08-02,2:46:34:0
CAD=,1.3133,1.3139,1.3133,6177.0,2016-08-02,2:46:43:0
CAD=,1.3133,1.3137,1.3133,6178.0,2016-08-02,2:46:44:0
CAD=,1.3132,1.3139,1.3132,6179.0,2016-08-02,2:46:51:0
CAD=,1.3134,1.3138,1.3134,6180.0,2016-08-02,2:46:51:0
CAD=,1.3133,1.3137,1.3133,6181.0,2016-08-02,2:46:53:0
CAD=,1.3132,1.3137,1.3132,6182.0,2016-08-02,2:47:0:0
CAD=,1.3133,1.3137,1.3133,6183.0,2016-08-02,2:47:0:0
CAD=,1.3135,1.3136,1.3135,6184.0,2016-08-02,2:47:1:0
CAD=,1.3135,1.3136,1.3135,6185.0,2016-08-02,2:47:13:0
CAD=,1.3132,1.3139,1.3132,6186.0,2016-08-02,2:47:28:0
CAD=,1.3133,1.3137,1.3133,6187.0,2016-08-02,2:47:29:0
CAD=,1.3133,1.3137,1.3133,6188.0,2016-08-02,2:47:30:0
CAD=,1.3133,1.3137,1.3133,6189.0,2016-08-02,2:47:43:0
CAD=,1.3135,1.3136,1.3135,6190.0,2016-08-02,2:48:1:0
CAD=,1.3134,1.3137,1.3134,6191.0,2016-08-02,2:48:3:0
CAD=,1.3133,1.3137,1.3133,6192.0,2016-08-02,2:48:6:0
CAD=,1.3131,1.3138,1.3131,6193.0,2016-08-02,2:48:7:0
CAD=,1.3131,1.3136,1.3131,6194.0,2016-08-02,2:48:7:0
CAD=,1.3132,1.3136,1.3132,6195.0,2016-08-02,2:48:7:0
CAD=,1.3132,1.3136,1.3132,6196.0,2016-08-02,2:48:11:0
CAD=,1.3132,1.3138,1.3132,6197.0,2016-08-02,2:48:11:0
CAD=,1.3132,1.3138,1.3132,6198.0,2016-08-02,2:48:22:0
CAD=,1.3131,1.3138,1.3131,6199.0,2016-08-02,2:48:42:0
CAD=,1.3132,1.3136,1.3132,6200.0,2016-08-02,2:48:43:0
Symbol,Bid,Ask,Last,Volume,Date,Time
Symbol,Bid,Ask,Last,Volume,Date,Time
CAD=,1.2928,1.2935,1.2928,9396.0,2016-08-23,2:12:11:0
CAD=,1.2929,1.2933,1.2929,9397.0,2016-08-23,2:12:14:0
CAD=,1.2929,1.2934,1.2929,9398.0,2016-08-23,2:12:14:0
CAD=,1.2929,1.2933,1.2929,9399.0,2016-08-23,2:12:16:0
CAD=,1.2927,1.2931,1.2927,9400.0,2016-08-23,2:12:16:0
CAD=,1.2927,1.2931,1.2927,9401.0,2016-08-23,2:12:17:0
CAD=,1.2927,1.2931,1.2927,9402.0,2016-08-23,2:12:18:0
CAD=,1.293,1.2934,1.293,9403.0,2016-08-23,2:12:19:0
CAD=,1.293,1.2934,1.293,9404.0,2016-08-23,2:12:20:0
CAD=,1.293,1.2934,1.293,9405.0,2016-08-23,2:12:23:0
CAD=,1.2931,1.2934,1.2931,9406.0,2016-08-23,2:12:23:0
CAD=,1.293,1.2934,1.293,9407.0,2016-08-23,2:12:24:0
CAD=,1.293,1.2934,1.293,9408.0,2016-08-23,2:12:24:0
CAD=,1.2931,1.2932,1.2931,9409.0,2016-08-23,2:12:26:0
CAD=,1.293,1.2933,1.293,9410.0,2016-08-23,2:12:27:0
CAD=,1.293,1.2934,1.293,9411.0,2016-08-23,2:12:27:0
CAD=,1.293,1.2934,1.293,9412.0,2016-08-23,2:12:28:0
CAD=,1.293,1.2934,1.293,9413.0,2016-08-23,2:12:31:0
CAD=,1.2928,1.2935,1.2928,9414.0,2016-08-23,2:12:31:0
CAD=,1.293,1.2934,1.293,9415.0,2016-08-23,2:12:32:0
CAD=,1.293,1.2934,1.293,9416.0,2016-08-23,2:12:38:0
CAD=,1.2929,1.2933,1.2929,9417.0,2016-08-23,2:12:43:0
CAD=,1.293,1.2934,1.293,9418.0,2016-08-23,2:12:47:0
CAD=,1.2929,1.2933,1.2929,9419.0,2016-08-23,2:12:50:0
CAD=,1.2928,1.2935,1.2928,9420.0,2016-08-23,2:12:51:0
CAD=,1.2931,1.2932,1.2931,9421.0,2016-08-23,2:12:53:0
CAD=,1.2931,1.2932,1.2931,9422.0,2016-08-23,2:12:55:0
CAD=,1.293,1.2932,1.293,9423.0,2016-08-23,2:12:56:0
CAD=,1.293,1.2934,1.293,9424.0,2016-08-23,2:13:6:0
CAD=,1.293,1.2934,1.293,9425.0,2016-08-23,2:13:7:0
CAD=,1.293,1.2935,1.293,9426.0,2016-08-23,2:13:14:0
CAD=,1.293,1.2935,1.293,9427.0,2016-08-23,2:13:24:0
CAD=,1.2931,1.2932,1.2931,9428.0,2016-08-23,2:13:26:0
CAD=,1.2931,1.2932,1.2931,9429.0,2016-08-23,2:13:33:0
CAD=,1.293,1.2934,1.293,9430.0,2016-08-23,2:13:45:0
CAD=,1.293,1.2934,1.293,9431.0,2016-08-23,2:13:47:0
CAD=,1.2931,1.2932,1.2931,9432.0,2016-08-23,2:13:53:0
CAD=,1.293,1.2934,1.293,9433.0,2016-08-23,2:13:54:0
CAD=,1.293,1.2932,1.293,9434.0,2016-08-23,2:13:56:0
CAD=,1.293,1.2932,1.293,9435.0,2016-08-23,2:13:57:0
CAD=,1.2931,1.2934,1.2931,9436.0,2016-08-23,2:14:1:0
CAD=,1.293,1.2934,1.293,9437.0,2016-08-23,2:14:1:0
CAD=,1.293,1.2934,1.293,9438.0,2016-08-23,2:14:3:0
CAD=,1.293,1.2933,1.293,9439.0,2016-08-23,2:14:3:0
CAD=,1.2929,1.2936,1.2929,9440.0,2016-08-23,2:14:3:0
CAD=,1.2929,1.2936,1.2929,9441.0,2016-08-23,2:14:15:0
CAD=,1.293,1.2934,1.293,9442.0,2016-08-23,2:14:16:0
CAD=,1.293,1.2936,1.293,9443.0,2016-08-23,2:14:18:0
CAD=,1.2928,1.2935,1.2928,9444.0,2016-08-23,2:14:21:0
CAD=,1.2931,1.2932,1.2931,9445.0,2016-08-23,2:14:26:0
CAD=,1.2931,1.2932,1.2931,9446.0,2016-08-23,2:14:29:0
CAD=,1.293,1.2934,1.293,9447.0,2016-08-23,2:14:43:0
CAD=,1.293,1.2934,1.293,9448.0,2016-08-23,2:14:46:0
CAD=,1.2929,1.2935,1.2929,9449.0,2016-08-23,2:14:52:0
CAD=,1.2931,1.2932,1.2931,9450.0,2016-08-23,2:14:53:0
CAD=,1.2931,1.2932,1.2931,9451.0,2016-08-23,2:15:7:0
CAD=,1.293,1.2934,1.293,9452.0,2016-08-23,2:15:11:0
CAD=,1.2931,1.2934,1.2931,9453.0,2016-08-23,2:15:11:0
CAD=,1.2929,1.2936,1.2929,9454.0,2016-08-23,2:15:11:0
CAD=,1.2929,1.2934,1.2929,9455.0,2016-08-23,2:15:12:0
CAD=,1.2931,1.2935,1.2931,9456.0,2016-08-23,2:15:13:0
CAD=,1.2929,1.2933,1.2929,9457.0,2016-08-23,2:15:13:0
CAD=,1.2932,1.2936,1.2932,9458.0,2016-08-23,2:15:14:0
CAD=,1.2933,1.2936,1.2933,9459.0,2016-08-23,2:15:14:0
CAD=,1.2931,1.2937,1.2931,9460.0,2016-08-23,2:15:14:0
CAD=,1.2929,1.2933,1.2929,9461.0,2016-08-23,2:15:15:0
CAD=,1.2929,1.2933,1.2929,9462.0,2016-08-23,2:15:16:0
CAD=,1.2932,1.2936,1.2932,9463.0,2016-08-23,2:15:20:0
CAD=,1.2932,1.2938,1.2932,9464.0,2016-08-23,2:15:24:0
CAD=,1.2932,1.2938,1.2932,9465.0,2016-08-23,2:15:29:0
CAD=,1.2931,1.2938,1.2931,9466.0,2016-08-23,2:15:30:0
CAD=,1.2933,1.2934,1.2933,9467.0,2016-08-23,2:15:38:0
CAD=,1.2932,1.2936,1.2932,9468.0,2016-08-23,2:15:40:0
CAD=,1.2931,1.2936,1.2931,9469.0,2016-08-23,2:15:42:0
CAD=,1.2931,1.2936,1.2931,9470.0,2016-08-23,2:15:44:0
CAD=,1.2931,1.2938,1.2931,9471.0,2016-08-23,2:15:56:0
CAD=,1.293,1.2934,1.293,9472.0,2016-08-23,2:15:56:0
CAD=,1.2933,1.2937,1.2933,9473.0,2016-08-23,2:15:57:0
CAD=,1.293,1.2934,1.293,9474.0,2016-08-23,2:15:57:0
CAD=,1.293,1.2934,1.293,9475.0,2016-08-23,2:15:57:0
CAD=,1.2933,1.2937,1.2933,9476.0,2016-08-23,2:15:58:0
CAD=,1.2929,1.2933,1.2929,9477.0,2016-08-23,2:16:2:0
CAD=,1.2933,1.2937,1.2933,9478.0,2016-08-23,2:16:2:0
CAD=,1.2929,1.2933,1.2929,9479.0,2016-08-23,2:16:2:0
CAD=,1.2933,1.2936,1.2933,9480.0,2016-08-23,2:16:2:0
CAD=,1.2929,1.2933,1.2929,9481.0,2016-08-23,2:16:3:0
CAD=,1.2933,1.2935,1.2933,9482.0,2016-08-23,2:16:8:0
CAD=,1.2933,1.2935,1.2933,9483.0,2016-08-23,2:16:11:0
CAD=,1.2932,1.2937,1.2932,9484.0,2016-08-23,2:16:11:0
CAD=,1.2932,1.2937,1.2932,9485.0,2016-08-23,2:16:28:0
CAD=,1.2933,1.2937,1.2933,9486.0,2016-08-23,2:16:31:0
CAD=,1.293,1.2934,1.293,9487.0,2016-08-23,2:16:32:0
CAD=,1.2933,1.2937,1.2933,9488.0,2016-08-23,2:16:32:0
CAD=,1.293,1.2934,1.293,9489.0,2016-08-23,2:16:33:0
CAD=,1.293,1.2934,1.293,9490.0,2016-08-23,2:16:33:0
CAD=,1.293,1.2934,1.293,9491.0,2016-08-23,2:16:43:0
CAD=,1.2933,1.2937,1.2933,9492.0,2016-08-23,2:16:46:0
CAD=,1.2933,1.2937,1.2933,9493.0,2016-08-23,2:16:49:0
CAD=,1.2934,1.2935,1.2934,9494.0,2016-08-23,2:16:53:0
CAD=,1.2934,1.2935,1.2934,9495.0,2016-08-23,2:16:59:0
CAD=,1.2933,1.2937,1.2933,9496.0,2016-08-23,2:17:1:0
CAD=,1.2933,1.2937,1.2933,9497.0,2016-08-23,2:17:3:0
CAD=,1.2933,1.2937,1.2933,9498.0,2016-08-23,2:17:5:0
CAD=,1.2933,1.2937,1.2933,9499.0,2016-08-23,2:17:6:0
CAD=,1.2933,1.2937,1.2933,9500.0,2016-08-23,2:17:10:0
CAD=,1.2934,1.2937,1.2934,9501.0,2016-08-23,2:17:11:0
CAD=,1.2933,1.2937,1.2933,9502.0,2016-08-23,2:17:11:0
CAD=,1.2933,1.2936,1.2933,9503.0,2016-08-23,2:17:13:0
CAD=,1.2933,1.2937,1.2933,9504.0,2016-08-23,2:17:15:0
CAD=,1.2933,1.2937,1.2933,9505.0,2016-08-23,2:17:17:0
CAD=,1.2933,1.2937,1.2933,9506.0,2016-08-23,2:17:19:0
CAD=,1.2933,1.2937,1.2933,9507.0,2016-08-23,2:17:20:0
CAD=,1.2933,1.2937,1.2933,9508.0,2016-08-23,2:17:22:0
CAD=,1.2929,1.2933,1.2929,9509.0,2016-08-23,2:17:23:0
CAD=,1.2929,1.2933,1.2929,9510.0,2016-08-23,2:17:23:0
CAD=,1.2929,1.2933,1.2929,9511.0,2016-08-23,2:17:24:0
CAD=,1.2929,1.2933,1.2929,9512.0,2016-08-23,2:17:33:0
CAD=,1.2933,1.2934,1.2933,9513.0,2016-08-23,2:17:38:0
CAD=,1.2933,1.2934,1.2933,9514.0,2016-08-23,2:17:47:0
CAD=,1.2932,1.2936,1.2932,9515.0,2016-08-23,2:17:49:0
CAD=,1.2931,1.2938,1.2931,9516.0,2016-08-23,2:17:49:0
CAD=,1.293,1.2935,1.293,9517.0,2016-08-23,2:17:50:0
CAD=,1.2933,1.2934,1.2933,9518.0,2016-08-23,2:17:53:0
