Symbol,Bid,Ask,Last,Volume,Date,Time
EUR=,1.1164,1.1168,1.1164,8532.0,2016-08-02,1:19:52:0
EUR=,1.1164,1.1168,1.1164,8533.0,2016-08-02,1:20:0:0
EUR=,1.1166,1.1167,1.1166,8534.0,2016-08-02,1:20:1:0
EUR=,1.1166,1.1167,1.1166,8535.0,2016-08-02,1:20:2:0
EUR=,1.1166,1.1167,1.1166,8536.0,2016-08-02,1:20:3:0
EUR=,1.1166,1.1167,1.1166,8537.0,2016-08-02,1:20:3:0
EUR=,1.1165,1.1167,1.1165,8538.0,2016-08-02,1:20:6:0
EUR=,1.1166,1.1167,1.1166,8539.0,2016-08-02,1:20:9:0
EUR=,1.1166,1.1167,1.1166,8540.0,2016-08-02,1:20:11:0
EUR=,1.1164,1.1166,1.1164,8541.0,2016-08-02,1:20:12:0
EUR=,1.1164,1.1166,1.1164,8542.0,2016-08-02,1:20:15:0
EUR=,1.1164,1.1166,1.1164,8543.0,2016-08-02,1:20:16:0
EUR=,1.1164,1.1168,1.1164,8544.0,2016-08-02,1:20:23:0
EUR=,1.1162,1.1165,1.1162,8545.0,2016-08-02,1:20:23:0
EUR=,1.1163,1.1165,1.1163,8546.0,2016-08-02,1:20:25:0
EUR=,1.1162,1.1165,1.1162,8547.0,2016-08-02,1:20:26:0
EUR=,1.1165,1.1168,1.1165,8548.0,2016-08-02,1:20:30:0
EUR=,1.1166,1.1168,1.1166,8549.0,2016-08-02,1:20:31:0
EUR=,1.1165,1.1168,1.1165,8550.0,2016-08-02,1:20:31:0
EUR=,1.1165,1.1168,1.1165,8551.0,2016-08-02,1:20:32:0
EUR=,1.1165,1.1169,1.1165,8552.0,2016-08-02,1:20:32:0
EUR=,1.1164,1.1168,1.1164,8553.0,2016-08-02,1:20:32:0
EUR=,1.1164,1.1167,1.1164,8554.0,2016-08-02,1:20:32:0
EUR=,1.1164,1.1168,1.1164,8555.0,2016-08-02,1:20:33:0
EUR=,1.1165,1.1169,1.1165,8556.0,2016-08-02,1:20:34:0
EUR=,1.1165,1.1169,1.1165,8557.0,2016-08-02,1:20:39:0
EUR=,1.1164,1.1168,1.1164,8558.0,2016-08-02,1:20:57:0
EUR=,1.1164,1.1168,1.1164,8559.0,2016-08-02,1:20:58:0
EUR=,1.1164,1.1168,1.1164,8560.0,2016-08-02,1:20:59:0
EUR=,1.1165,1.1166,1.1165,8561.0,2016-08-02,1:21:1:0
EUR=,1.1164,1.1168,1.1164,8562.0,2016-08-02,1:21:2:0
EUR=,1.1164,1.1167,1.1164,8563.0,2016-08-02,1:21:2:0
EUR=,1.1164,1.1167,1.1164,8564.0,2016-08-02,1:21:3:0
EUR=,1.1164,1.1167,1.1164,8565.0,2016-08-02,1:21:7:0
EUR=,1.1162,1.1166,1.1162,8566.0,2016-08-02,1:21:11:0
EUR=,1.1163,1.1167,1.1163,8567.0,2016-08-02,1:21:12:0
EUR=,1.1164,1.1166,1.1164,8568.0,2016-08-02,1:21:13:0
EUR=,1.1164,1.1166,1.1164,8569.0,2016-08-02,1:21:15:0
EUR=,1.1163,1.1167,1.1163,8570.0,2016-08-02,1:21:16:0
EUR=,1.1163,1.1167,1.1163,8571.0,2016-08-02,1:21:17:0
EUR=,1.1165,1.1167,1.1165,8572.0,2016-08-02,1:21:19:0
EUR=,1.1165,1.1167,1.1165,8573.0,2016-08-02,1:21:20:0
EUR=,1.1163,1.1167,1.1163,8574.0,2016-08-02,1:21:21:0
EUR=,1.1163,1.1167,1.1163,8575.0,2016-08-02,1:21:23:0
EUR=,1.1163,1.1167,1.1163,8576.0,2016-08-02,1:21:25:0
EUR=,1.1164,1.1167,1.1164,8577.0,2016-08-02,1:21:30:0
EUR=,1.1164,1.1167,1.1164,8578.0,2016-08-02,1:21:30:0
EUR=,1.1163,1.1167,1.1163,8579.0,2016-08-02,1:21:32:0
EUR=,1.1163,1.1167,1.1163,8580.0,2016-08-02,1:21:34:0
EUR=,1.1163,1.1167,1.1163,8581.0,2016-08-02,1:21:38:0
EUR=,1.1163,1.1167,1.1163,8582.0,2016-08-02,1:21:40:0
EUR=,1.1163,1.1167,1.1163,8583.0,2016-08-02,1:21:47:0
EUR=,1.1163,1.1167,1.1163,8584.0,2016-08-02,1:21:51:0
EUR=,1.1165,1.1166,1.1165,8585.0,2016-08-02,1:22:1:0
EUR=,1.1165,1.1166,1.1165,8586.0,2016-08-02,1:22:2:0
EUR=,1.1163,1.1167,1.1163,8587.0,2016-08-02,1:22:3:0
EUR=,1.1163,1.1167,1.1163,8588.0,2016-08-02,1:22:4:0
EUR=,1.1162,1.1166,1.1162,8589.0,2016-08-02,1:22:5:0
EUR=,1.1162,1.1166,1.1162,8590.0,2016-08-02,1:22:5:0
EUR=,1.1162,1.1166,1.1162,8591.0,2016-08-02,1:22:5:0
EUR=,1.1163,1.1166,1.1163,8592.0,2016-08-02,1:22:6:0
EUR=,1.1163,1.1166,1.1163,8593.0,2016-08-02,1:22:8:0
EUR=,1.1165,1.1166,1.1165,8594.0,2016-08-02,1:22:9:0
EUR=,1.1163,1.1167,1.1163,8595.0,2016-08-02,1:22:9:0
EUR=,1.1163,1.1167,1.1163,8596.0,2016-08-02,1:22:10:0
EUR=,1.1163,1.1167,1.1163,8597.0,2016-08-02,1:22:10:0
EUR=,1.1164,1.1168,1.1164,8598.0,2016-08-02,1:22:12:0
EUR=,1.1164,1.1168,1.1164,8599.0,2016-08-02,1:22:14:0
EUR=,1.1164,1.1168,1.1164,8600.0,2016-08-02,1:22:16:0
EUR=,1.1165,1.1168,1.1165,8601.0,2016-08-02,1:22:18:0
EUR=,1.1165,1.1168,1.1165,8602.0,2016-08-02,1:22:21:0
EUR=,1.1166,1.1168,1.1166,8603.0,2016-08-02,1:22:21:0
EUR=,1.1166,1.1168,1.1166,8604.0,2016-08-02,1:22:24:0
EUR=,1.1164,1.1168,1.1164,8605.0,2016-08-02,1:22:26:0
EUR=,1.1164,1.1168,1.1164,8606.0,2016-08-02,1:22:26:0
EUR=,1.1164,1.1168,1.1164,8607.0,2016-08-02,1:22:27:0
EUR=,1.1163,1.1166,1.1163,8608.0,2016-08-02,1:22:30:0
EUR=,1.1164,1.1166,1.1164,8609.0,2016-08-02,1:22:31:0
EUR=,1.1164,1.1166,1.1164,8610.0,2016-08-02,1:22:32:0
EUR=,1.1164,1.1168,1.1164,8611.0,2016-08-02,1:22:32:0
EUR=,1.1164,1.1168,1.1164,8612.0,2016-08-02,1:22:33:0
EUR=,1.1164,1.1168,1.1164,8613.0,2016-08-02,1:22:35:0
EUR=,1.1165,1.1167,1.1165,8614.0,2016-08-02,1:22:35:0
EUR=,1.1164,1.1168,1.1164,8615.0,2016-08-02,1:22:36:0
EUR=,1.1164,1.1168,1.1164,8616.0,2016-08-02,1:22:37:0
EUR=,1.1164,1.1168,1.1164,8617.0,2016-08-02,1:22:37:0
EUR=,1.1164,1.1168,1.1164,8618.0,2016-08-02,1:22:38:0
EUR=,1.1164,1.1167,1.1164,8619.0,2016-08-02,1:22:38:0
EUR=,1.1162,1.1166,1.1162,8620.0,2016-08-02,1:22:40:0
EUR=,1.1163,1.1165,1.1163,8621.0,2016-08-02,1:22:43:0
EUR=,1.1162,1.1166,1.1162,8622.0,2016-08-02,1:22:43:0
EUR=,1.1163,1.1167,1.1163,8623.0,2016-08-02,1:22:47:0
EUR=,1.1163,1.1167,1.1163,8624.0,2016-08-02,1:22:48:0
EUR=,1.1163,1.1167,1.1163,8625.0,2016-08-02,1:22:49:0
EUR=,1.1163,1.1167,1.1163,8626.0,2016-08-02,1:22:56:0
EUR=,1.1164,1.1167,1.1164,8627.0,2016-08-02,1:23:0:0
EUR=,1.1164,1.1167,1.1164,8628.0,2016-08-02,1:23:1:0
EUR=,1.1165,1.1167,1.1165,8629.0,2016-08-02,1:23:1:0
EUR=,1.1165,1.1166,1.1165,8630.0,2016-08-02,1:23:1:0
EUR=,1.1165,1.1166,1.1165,8631.0,2016-08-02,1:23:4:0
EUR=,1.1163,1.1167,1.1163,8632.0,2016-08-02,1:23:5:0
EUR=,1.1163,1.1167,1.1163,8633.0,2016-08-02,1:23:11:0
EUR=,1.1163,1.1167,1.1163,8634.0,2016-08-02,1:23:12:0
EUR=,1.1163,1.1167,1.1163,8635.0,2016-08-02,1:23:23:0
EUR=,1.1163,1.1167,1.1163,8636.0,2016-08-02,1:23:24:0
EUR=,1.1163,1.1167,1.1163,8637.0,2016-08-02,1:23:25:0
EUR=,1.1164,1.1168,1.1164,8638.0,2016-08-02,1:23:31:0
EUR=,1.1164,1.1168,1.1164,8639.0,2016-08-02,1:23:31:0
EUR=,1.1164,1.1168,1.1164,8640.0,2016-08-02,1:23:32:0
EUR=,1.1164,1.1168,1.1164,8641.0,2016-08-02,1:23:33:0
EUR=,1.1165,1.1168,1.1165,8642.0,2016-08-02,1:23:34:0
EUR=,1.1164,1.1168,1.1164,8643.0,2016-08-02,1:23:35:0
EUR=,1.1164,1.1168,1.1164,8644.0,2016-08-02,1:23:36:0
EUR=,1.1164,1.1168,1.1164,8645.0,2016-08-02,1:23:37:0
EUR=,1.1164,1.1168,1.1164,8646.0,2016-08-02,1:23:39:0
EUR=,1.1164,1.1168,1.1164,8647.0,2016-08-02,1:23:42:0
EUR=,1.1164,1.1168,1.1164,8648.0,2016-08-02,1:23:44:0
EUR=,1.1164,1.1168,1.1164,8649.0,2016-08-02,1:23:45:0
EUR=,1.1164,1.1168,1.1164,8650.0,2016-08-02,1:23:49:0
EUR=,1.1164,1.1168,1.1164,8651.0,2016-08-02,1:23:50:0
EUR=,1.1164,1.1168,1.1164,8652.0,2016-08-02,1:23:51:0
EUR=,1.1164,1.1168,1.1164,8653.0,2016-08-02,1:23:52:0
EUR=,1.1163,1.1167,1.1163,8654.0,2016-08-02,1:23:52:0
EUR=,1.1163,1.1167,1.1163,8655.0,2016-08-02,1:23:54:0
EUR=,1.1164,1.1167,1.1164,8656.0,2016-08-02,1:23:56:0
EUR=,1.1163,1.1167,1.1163,8657.0,2016-08-02,1:23:57:0
EUR=,1.1164,1.1167,1.1164,8658.0,2016-08-02,1:23:57:0
EUR=,1.1164,1.1167,1.1164,8659.0,2016-08-02,1:23:57:0
EUR=,1.1163,1.1167,1.1163,8660.0,2016-08-02,1:23:58:0
EUR=,1.1164,1.1166,1.1164,8661.0,2016-08-02,1:24:0:0
EUR=,1.1164,1.1166,1.1164,8662.0,2016-08-02,1:24:1:0
EUR=,1.1163,1.1167,1.1163,8663.0,2016-08-02,1:24:1:0
EUR=,1.1162,1.1165,1.1162,8664.0,2016-08-02,1:24:1:0
EUR=,1.1163,1.1165,1.1163,8665.0,2016-08-02,1:24:3:0
EUR=,1.1163,1.1167,1.1163,8666.0,2016-08-02,1:24:4:0
EUR=,1.1163,1.1167,1.1163,8667.0,2016-08-02,1:24:4:0
EUR=,1.1163,1.1167,1.1163,8668.0,2016-08-02,1:24:5:0
EUR=,1.1163,1.1167,1.1163,8669.0,2016-08-02,1:24:5:0
EUR=,1.1163,1.1167,1.1163,8670.0,2016-08-02,1:24:7:0
EUR=,1.1163,1.1167,1.1163,8671.0,2016-08-02,1:24:7:0
EUR=,1.1164,1.1166,1.1164,8672.0,2016-08-02,1:24:7:0
EUR=,1.1165,1.1166,1.1165,8673.0,2016-08-02,1:24:8:0
EUR=,1.1163,1.1167,1.1163,8674.0,2016-08-02,1:24:10:0
EUR=,1.1163,1.1167,1.1163,8675.0,2016-08-02,1:24:13:0
EUR=,1.1163,1.1167,1.1163,8676.0,2016-08-02,1:24:14:0
EUR=,1.1163,1.1167,1.1163,8677.0,2016-08-02,1:24:20:0
EUR=,1.1163,1.1167,1.1163,8678.0,2016-08-02,1:24:23:0
EUR=,1.1163,1.1167,1.1163,8679.0,2016-08-02,1:24:26:0
EUR=,1.1163,1.1167,1.1163,8680.0,2016-08-02,1:24:29:0
EUR=,1.1163,1.1166,1.1163,8681.0,2016-08-02,1:24:30:0
EUR=,1.1163,1.1166,1.1163,8682.0,2016-08-02,1:24:31:0
EUR=,1.1163,1.1167,1.1163,8683.0,2016-08-02,1:24:35:0
EUR=,1.1163,1.1167,1.1163,8684.0,2016-08-02,1:24:37:0
EUR=,1.1163,1.1167,1.1163,8685.0,2016-08-02,1:25:23:0
EUR=,1.1163,1.1167,1.1163,8686.0,2016-08-02,1:25:34:0
EUR=,1.1163,1.1167,1.1163,8687.0,2016-08-02,1:25:52:0
EUR=,1.1163,1.1167,1.1163,8688.0,2016-08-02,1:25:53:0
EUR=,1.1163,1.1167,1.1163,8689.0,2016-08-02,1:25:55:0
EUR=,1.1163,1.1167,1.1163,8690.0,2016-08-02,1:25:58:0
EUR=,1.1163,1.1167,1.1163,8691.0,2016-08-02,1:26:1:0
EUR=,1.1163,1.1167,1.1163,8692.0,2016-08-02,1:26:4:0
EUR=,1.1163,1.1167,1.1163,8693.0,2016-08-02,1:26:5:0
EUR=,1.1164,1.1166,1.1164,8694.0,2016-08-02,1:26:11:0
EUR=,1.1164,1.1166,1.1164,8695.0,2016-08-02,1:26:12:0
EUR=,1.1163,1.1167,1.1163,8696.0,2016-08-02,1:26:13:0
EUR=,1.1163,1.1167,1.1163,8697.0,2016-08-02,1:26:13:0
EUR=,1.1163,1.1167,1.1163,8698.0,2016-08-02,1:26:14:0
EUR=,1.1163,1.1167,1.1163,8699.0,2016-08-02,1:26:18:0
EUR=,1.1163,1.1167,1.1163,8700.0,2016-08-02,1:26:20:0
EUR=,1.1163,1.1167,1.1163,8701.0,2016-08-02,1:26:21:0
EUR=,1.1163,1.1167,1.1163,8702.0,2016-08-02,1:26:21:0
EUR=,1.1163,1.1167,1.1163,8703.0,2016-08-02,1:26:24:0
EUR=,1.1163,1.1167,1.1163,8704.0,2016-08-02,1:26:26:0
EUR=,1.1163,1.1167,1.1163,8705.0,2016-08-02,1:26:27:0
EUR=,1.1163,1.1167,1.1163,8706.0,2016-08-02,1:26:28:0
EUR=,1.1164,1.1166,1.1164,8707.0,2016-08-02,1:26:30:0
EUR=,1.1163,1.1167,1.1163,8708.0,2016-08-02,1:26:30:0
EUR=,1.1164,1.1167,1.1164,8709.0,2016-08-02,1:26:36:0
EUR=,1.1162,1.1166,1.1162,8710.0,2016-08-02,1:26:38:0
EUR=,1.1164,1.1167,1.1164,8711.0,2016-08-02,1:26:38:0
EUR=,1.1163,1.1167,1.1163,8712.0,2016-08-02,1:26:39:0
EUR=,1.1163,1.1167,1.1163,8713.0,2016-08-02,1:26:40:0
EUR=,1.1163,1.1167,1.1163,8714.0,2016-08-02,1:26:42:0
EUR=,1.1163,1.1167,1.1163,8715.0,2016-08-02,1:26:44:0
EUR=,1.1163,1.1167,1.1163,8716.0,2016-08-02,1:26:44:0
EUR=,1.1163,1.1167,1.1163,8717.0,2016-08-02,1:26:45:0
EUR=,1.1163,1.1167,1.1163,8718.0,2016-08-02,1:26:47:0
EUR=,1.1163,1.1167,1.1163,8719.0,2016-08-02,1:26:52:0
EUR=,1.1163,1.1167,1.1163,8720.0,2016-08-02,1:26:52:0
EUR=,1.1163,1.1166,1.1163,8721.0,2016-08-02,1:27:0:0
EUR=,1.1163,1.1167,1.1163,8722.0,2016-08-02,1:27:0:0
EUR=,1.1163,1.1166,1.1163,8723.0,2016-08-02,1:27:1:0
EUR=,1.1164,1.1165,1.1164,8724.0,2016-08-02,1:27:1:0
EUR=,1.1163,1.1166,1.1163,8725.0,2016-08-02,1:27:2:0
EUR=,1.1163,1.1167,1.1163,8726.0,2016-08-02,1:27:2:0
EUR=,1.1163,1.1167,1.1163,8727.0,2016-08-02,1:27:3:0
EUR=,1.1163,1.1167,1.1163,8728.0,2016-08-02,1:27:5:0
EUR=,1.1163,1.1167,1.1163,8729.0,2016-08-02,1:27:5:0
EUR=,1.1163,1.1167,1.1163,8730.0,2016-08-02,1:27:6:0
EUR=,1.1164,1.1167,1.1164,8731.0,2016-08-02,1:27:12:0
EUR=,1.1164,1.1167,1.1164,8732.0,2016-08-02,1:27:16:0
EUR=,1.1162,1.1166,1.1162,8733.0,2016-08-02,1:27:22:0
EUR=,1.1162,1.1166,1.1162,8734.0,2016-08-02,1:27:24:0
EUR=,1.1163,1.1167,1.1163,8735.0,2016-08-02,1:27:27:0
EUR=,1.1163,1.1167,1.1163,8736.0,2016-08-02,1:27:28:0
EUR=,1.1163,1.1167,1.1163,8737.0,2016-08-02,1:27:29:0
EUR=,1.1164,1.1167,1.1164,8738.0,2016-08-02,1:27:30:0
EUR=,1.1164,1.1167,1.1164,8739.0,2016-08-02,1:27:30:0
EUR=,1.1162,1.1166,1.1162,8740.0,2016-08-02,1:27:33:0
EUR=,1.1162,1.1166,1.1162,8741.0,2016-08-02,1:27:38:0
EUR=,1.1165,1.1167,1.1165,8742.0,2016-08-02,1:27:51:0
EUR=,1.1165,1.1167,1.1165,8743.0,2016-08-02,1:27:52:0
EUR=,1.1164,1.1168,1.1164,8744.0,2016-08-02,1:27:53:0
EUR=,1.1164,1.1167,1.1164,8745.0,2016-08-02,1:27:53:0
EUR=,1.1164,1.1168,1.1164,8746.0,2016-08-02,1:27:53:0
EUR=,1.1164,1.1167,1.1164,8747.0,2016-08-02,1:27:54:0
EUR=,1.1162,1.1166,1.1162,8748.0,2016-08-02,1:27:56:0
EUR=,1.1162,1.1166,1.1162,8749.0,2016-08-02,1:27:57:0
EUR=,1.1164,1.1168,1.1164,8750.0,2016-08-02,1:27:58:0
EUR=,1.1164,1.1168,1.1164,8751.0,2016-08-02,1:27:59:0
EUR=,1.1164,1.1168,1.1164,8752.0,2016-08-02,1:28:0:0
EUR=,1.1164,1.1168,1.1164,8753.0,2016-08-02,1:28:0:0
EUR=,1.1164,1.1168,1.1164,8754.0,2016-08-02,1:28:0:0
EUR=,1.1165,1.1166,1.1165,8755.0,2016-08-02,1:28:1:0
EUR=,1.1164,1.1168,1.1164,8756.0,2016-08-02,1:28:2:0
EUR=,1.1164,1.1168,1.1164,8757.0,2016-08-02,1:28:3:0
EUR=,1.1164,1.1168,1.1164,8758.0,2016-08-02,1:28:3:0
EUR=,1.1164,1.1168,1.1164,8759.0,2016-08-02,1:28:5:0
EUR=,1.1164,1.1168,1.1164,8760.0,2016-08-02,1:28:6:0
EUR=,1.1163,1.1167,1.1163,8761.0,2016-08-02,1:28:12:0
EUR=,1.1163,1.1167,1.1163,8762.0,2016-08-02,1:28:15:0
EUR=,1.1163,1.1167,1.1163,8763.0,2016-08-02,1:28:17:0
EUR=,1.1165,1.1167,1.1165,8764.0,2016-08-02,1:28:18:0
EUR=,1.1164,1.1168,1.1164,8765.0,2016-08-02,1:28:19:0
EUR=,1.1164,1.1168,1.1164,8766.0,2016-08-02,1:28:19:0
EUR=,1.1165,1.1167,1.1165,8767.0,2016-08-02,1:28:19:0
EUR=,1.1163,1.1166,1.1163,8768.0,2016-08-02,1:28:23:0
EUR=,1.1164,1.1168,1.1164,8769.0,2016-08-02,1:28:23:0
EUR=,1.1163,1.1167,1.1163,8770.0,2016-08-02,1:28:24:0
EUR=,1.1163,1.1167,1.1163,8771.0,2016-08-02,1:28:26:0
EUR=,1.1164,1.1168,1.1164,8772.0,2016-08-02,1:28:27:0
EUR=,1.1164,1.1168,1.1164,8773.0,2016-08-02,1:28:27:0
EUR=,1.1163,1.1167,1.1163,8774.0,2016-08-02,1:28:29:0
EUR=,1.1163,1.1167,1.1163,8775.0,2016-08-02,1:28:29:0
EUR=,1.1165,1.1167,1.1165,8776.0,2016-08-02,1:28:30:0
EUR=,1.1163,1.1167,1.1163,8777.0,2016-08-02,1:28:31:0
EUR=,1.1163,1.1167,1.1163,8778.0,2016-08-02,1:28:34:0
EUR=,1.1163,1.1167,1.1163,8779.0,2016-08-02,1:28:34:0
EUR=,1.1163,1.1167,1.1163,8780.0,2016-08-02,1:28:35:0
EUR=,1.1163,1.1167,1.1163,8781.0,2016-08-02,1:28:36:0
EUR=,1.1163,1.1167,1.1163,8782.0,2016-08-02,1:28:37:0
EUR=,1.1163,1.1167,1.1163,8783.0,2016-08-02,1:28:40:0
EUR=,1.1163,1.1167,1.1163,8784.0,2016-08-02,1:28:46:0
EUR=,1.1163,1.1167,1.1163,8785.0,2016-08-02,1:28:48:0
EUR=,1.1163,1.1167,1.1163,8786.0,2016-08-02,1:28:49:0
EUR=,1.1163,1.1167,1.1163,8787.0,2016-08-02,1:28:50:0
EUR=,1.1164,1.1168,1.1164,8788.0,2016-08-02,1:28:50:0
EUR=,1.1164,1.1168,1.1164,8789.0,2016-08-02,1:28:52:0
EUR=,1.1164,1.1167,1.1164,8790.0,2016-08-02,1:29:0:0
EUR=,1.1164,1.1167,1.1164,8791.0,2016-08-02,1:29:1:0
EUR=,1.1165,1.1166,1.1165,8792.0,2016-08-02,1:29:1:0
EUR=,1.1163,1.1167,1.1163,8793.0,2016-08-02,1:29:3:0
EUR=,1.1165,1.1166,1.1165,8794.0,2016-08-02,1:29:3:0
EUR=,1.1163,1.1167,1.1163,8795.0,2016-08-02,1:29:3:0
EUR=,1.1163,1.1167,1.1163,8796.0,2016-08-02,1:29:5:0
EUR=,1.1163,1.1167,1.1163,8797.0,2016-08-02,1:29:5:0
EUR=,1.1165,1.1167,1.1165,8798.0,2016-08-02,1:29:6:0
EUR=,1.1163,1.1166,1.1163,8799.0,2016-08-02,1:29:9:0
EUR=,1.1165,1.1166,1.1165,8800.0,2016-08-02,1:29:9:0
EUR=,1.1165,1.1166,1.1165,8801.0,2016-08-02,1:29:12:0
EUR=,1.1164,1.1168,1.1164,8802.0,2016-08-02,1:29:19:0
EUR=,1.1163,1.1165,1.1163,8803.0,2016-08-02,1:29:19:0
EUR=,1.1163,1.1165,1.1163,8804.0,2016-08-02,1:29:20:0
EUR=,1.1164,1.1168,1.1164,8805.0,2016-08-02,1:29:20:0
EUR=,1.1164,1.1168,1.1164,8806.0,2016-08-02,1:29:21:0
EUR=,1.1164,1.1168,1.1164,8807.0,2016-08-02,1:29:21:0
EUR=,1.1164,1.1168,1.1164,8808.0,2016-08-02,1:29:23:0
EUR=,1.1165,1.1168,1.1165,8809.0,2016-08-02,1:29:24:0
EUR=,1.1163,1.1167,1.1163,8810.0,2016-08-02,1:29:25:0
EUR=,1.1163,1.1167,1.1163,8811.0,2016-08-02,1:29:26:0
EUR=,1.1163,1.1167,1.1163,8812.0,2016-08-02,1:29:26:0
EUR=,1.1163,1.1167,1.1163,8813.0,2016-08-02,1:29:26:0
EUR=,1.1164,1.1167,1.1164,8814.0,2016-08-02,1:29:30:0
EUR=,1.1164,1.1167,1.1164,8815.0,2016-08-02,1:29:33:0
EUR=,1.1163,1.1167,1.1163,8816.0,2016-08-02,1:29:35:0
EUR=,1.1164,1.1167,1.1164,8817.0,2016-08-02,1:29:36:0
EUR=,1.1162,1.1166,1.1162,8818.0,2016-08-02,1:29:37:0
EUR=,1.1162,1.1166,1.1162,8819.0,2016-08-02,1:29:40:0
EUR=,1.1163,1.1167,1.1163,8820.0,2016-08-02,1:29:53:0
EUR=,1.1163,1.1167,1.1163,8821.0,2016-08-02,1:29:55:0
EUR=,1.1165,1.1166,1.1165,8822.0,2016-08-02,1:30:1:0
EUR=,1.1163,1.1167,1.1163,8823.0,2016-08-02,1:30:2:0
EUR=,1.1163,1.1167,1.1163,8824.0,2016-08-02,1:30:3:0
EUR=,1.1163,1.1167,1.1163,8825.0,2016-08-02,1:30:4:0
EUR=,1.1163,1.1167,1.1163,8826.0,2016-08-02,1:30:4:0
EUR=,1.1163,1.1167,1.1163,8827.0,2016-08-02,1:30:7:0
EUR=,1.1162,1.1166,1.1162,8828.0,2016-08-02,1:30:8:0
EUR=,1.1162,1.1166,1.1162,8829.0,2016-08-02,1:30:9:0
EUR=,1.1162,1.1166,1.1162,8830.0,2016-08-02,1:30:9:0
EUR=,1.1162,1.1166,1.1162,8831.0,2016-08-02,1:30:9:0
EUR=,1.1162,1.1166,1.1162,8832.0,2016-08-02,1:30:10:0
EUR=,1.1162,1.1166,1.1162,8833.0,2016-08-02,1:30:11:0
EUR=,1.1163,1.1166,1.1163,8834.0,2016-08-02,1:30:12:0
EUR=,1.1162,1.1166,1.1162,8835.0,2016-08-02,1:30:13:0
EUR=,1.1162,1.1166,1.1162,8836.0,2016-08-02,1:30:13:0
EUR=,1.1162,1.1166,1.1162,8837.0,2016-08-02,1:30:13:0
EUR=,1.1162,1.1166,1.1162,8838.0,2016-08-02,1:30:14:0
EUR=,1.1162,1.1166,1.1162,8839.0,2016-08-02,1:30:15:0
EUR=,1.1162,1.1166,1.1162,8840.0,2016-08-02,1:30:16:0
EUR=,1.1162,1.1166,1.1162,8841.0,2016-08-02,1:30:17:0
EUR=,1.1165,1.1166,1.1165,8842.0,2016-08-02,1:30:18:0
EUR=,1.1163,1.1166,1.1163,8843.0,2016-08-02,1:30:18:0
EUR=,1.1162,1.1166,1.1162,8844.0,2016-08-02,1:30:18:0
EUR=,1.1162,1.1166,1.1162,8845.0,2016-08-02,1:30:21:0
EUR=,1.1162,1.1166,1.1162,8846.0,2016-08-02,1:30:22:0
EUR=,1.1162,1.1166,1.1162,8847.0,2016-08-02,1:30:23:0
EUR=,1.1162,1.1166,1.1162,8848.0,2016-08-02,1:30:23:0
EUR=,1.1162,1.1166,1.1162,8849.0,2016-08-02,1:30:24:0
EUR=,1.1162,1.1166,1.1162,8850.0,2016-08-02,1:30:26:0
EUR=,1.1162,1.1166,1.1162,8851.0,2016-08-02,1:30:26:0
EUR=,1.1162,1.1166,1.1162,8852.0,2016-08-02,1:30:28:0
EUR=,1.1162,1.1166,1.1162,8853.0,2016-08-02,1:30:29:0
EUR=,1.1163,1.1166,1.1163,8854.0,2016-08-02,1:30:30:0
EUR=,1.1162,1.1166,1.1162,8855.0,2016-08-02,1:30:30:0
EUR=,1.1162,1.1166,1.1162,8856.0,2016-08-02,1:30:32:0
EUR=,1.1163,1.1167,1.1163,8857.0,2016-08-02,1:30:32:0
EUR=,1.1163,1.1167,1.1163,8858.0,2016-08-02,1:30:37:0
EUR=,1.1163,1.1167,1.1163,8859.0,2016-08-02,1:30:39:0
EUR=,1.1163,1.1167,1.1163,8860.0,2016-08-02,1:30:39:0
EUR=,1.1162,1.1166,1.1162,8861.0,2016-08-02,1:30:40:0
EUR=,1.1162,1.1166,1.1162,8862.0,2016-08-02,1:30:45:0
EUR=,1.1163,1.1167,1.1163,8863.0,2016-08-02,1:30:55:0
EUR=,1.1163,1.1167,1.1163,8864.0,2016-08-02,1:30:56:0
EUR=,1.1163,1.1167,1.1163,8865.0,2016-08-02,1:30:56:0
EUR=,1.1163,1.1167,1.1163,8866.0,2016-08-02,1:30:58:0
EUR=,1.1163,1.1167,1.1163,8867.0,2016-08-02,1:31:0:0
EUR=,1.1163,1.1167,1.1163,8868.0,2016-08-02,1:31:0:0
EUR=,1.1163,1.1167,1.1163,8869.0,2016-08-02,1:31:1:0
EUR=,1.1164,1.1165,1.1164,8870.0,2016-08-02,1:31:1:0
EUR=,1.1164,1.1167,1.1164,8871.0,2016-08-02,1:31:2:0
EUR=,1.1163,1.1167,1.1163,8872.0,2016-08-02,1:31:3:0
EUR=,1.1162,1.1166,1.1162,8873.0,2016-08-02,1:31:3:0
EUR=,1.1162,1.1166,1.1162,8874.0,2016-08-02,1:31:5:0
EUR=,1.1163,1.1167,1.1163,8875.0,2016-08-02,1:31:7:0
EUR=,1.1163,1.1167,1.1163,8876.0,2016-08-02,1:31:9:0
EUR=,1.1163,1.1166,1.1163,8877.0,2016-08-02,1:31:13:0
EUR=,1.1163,1.1167,1.1163,8878.0,2016-08-02,1:31:14:0
EUR=,1.1163,1.1167,1.1163,8879.0,2016-08-02,1:31:19:0
EUR=,1.1163,1.1167,1.1163,8880.0,2016-08-02,1:31:19:0
EUR=,1.1163,1.1167,1.1163,8881.0,2016-08-02,1:31:28:0
EUR=,1.1164,1.1167,1.1164,8882.0,2016-08-02,1:31:36:0
EUR=,1.1163,1.1167,1.1163,8883.0,2016-08-02,1:31:38:0
EUR=,1.1164,1.1167,1.1164,8884.0,2016-08-02,1:31:39:0
EUR=,1.1163,1.1167,1.1163,8885.0,2016-08-02,1:31:44:0
EUR=,1.1164,1.1168,1.1164,8886.0,2016-08-02,1:31:44:0
EUR=,1.1164,1.1168,1.1164,8887.0,2016-08-02,1:31:45:0
EUR=,1.1164,1.1168,1.1164,8888.0,2016-08-02,1:31:45:0
EUR=,1.1164,1.1168,1.1164,8889.0,2016-08-02,1:31:46:0
EUR=,1.1163,1.1167,1.1163,8890.0,2016-08-02,1:31:49:0
EUR=,1.1163,1.1167,1.1163,8891.0,2016-08-02,1:31:50:0
EUR=,1.1163,1.1167,1.1163,8892.0,2016-08-02,1:31:51:0
EUR=,1.1164,1.1168,1.1164,8893.0,2016-08-02,1:31:52:0
EUR=,1.1164,1.1168,1.1164,8894.0,2016-08-02,1:31:53:0
EUR=,1.1164,1.1168,1.1164,8895.0,2016-08-02,1:31:53:0
EUR=,1.1164,1.1168,1.1164,8896.0,2016-08-02,1:31:54:0
EUR=,1.1164,1.1168,1.1164,8897.0,2016-08-02,1:31:54:0
EUR=,1.1164,1.1168,1.1164,8898.0,2016-08-02,1:31:54:0
EUR=,1.1164,1.1168,1.1164,8899.0,2016-08-02,1:31:55:0
EUR=,1.1165,1.1168,1.1165,8900.0,2016-08-02,1:31:56:0
EUR=,1.1164,1.1168,1.1164,8901.0,2016-08-02,1:31:56:0
EUR=,1.1166,1.1168,1.1166,8902.0,2016-08-02,1:31:57:0
EUR=,1.1164,1.1168,1.1164,8903.0,2016-08-02,1:31:59:0
EUR=,1.1164,1.1168,1.1164,8904.0,2016-08-02,1:32:0:0
EUR=,1.1165,1.1167,1.1165,8905.0,2016-08-02,1:32:0:0
EUR=,1.1164,1.1168,1.1164,8906.0,2016-08-02,1:32:1:0
EUR=,1.1164,1.1168,1.1164,8907.0,2016-08-02,1:32:2:0
EUR=,1.1164,1.1168,1.1164,8908.0,2016-08-02,1:32:3:0
EUR=,1.1164,1.1168,1.1164,8909.0,2016-08-02,1:32:4:0
EUR=,1.1164,1.1167,1.1164,8910.0,2016-08-02,1:32:6:0
EUR=,1.1164,1.1167,1.1164,8911.0,2016-08-02,1:32:7:0
EUR=,1.1165,1.1167,1.1165,8912.0,2016-08-02,1:32:12:0
EUR=,1.1164,1.1167,1.1164,8913.0,2016-08-02,1:32:13:0
EUR=,1.1163,1.1166,1.1163,8914.0,2016-08-02,1:32:13:0
EUR=,1.1163,1.1167,1.1163,8915.0,2016-08-02,1:32:13:0
EUR=,1.1164,1.1168,1.1164,8916.0,2016-08-02,1:32:15:0
EUR=,1.1164,1.1168,1.1164,8917.0,2016-08-02,1:32:15:0
EUR=,1.1164,1.1166,1.1164,8918.0,2016-08-02,1:32:15:0
EUR=,1.1164,1.1168,1.1164,8919.0,2016-08-02,1:32:15:0
EUR=,1.1165,1.1168,1.1165,8920.0,2016-08-02,1:32:16:0
EUR=,1.1164,1.1168,1.1164,8921.0,2016-08-02,1:32:16:0
EUR=,1.1164,1.1168,1.1164,8922.0,2016-08-02,1:32:17:0
EUR=,1.1166,1.1168,1.1166,8923.0,2016-08-02,1:32:17:0
EUR=,1.1165,1.1169,1.1165,8924.0,2016-08-02,1:32:17:0
EUR=,1.1164,1.1168,1.1164,8925.0,2016-08-02,1:32:17:0
EUR=,1.1164,1.1168,1.1164,8926.0,2016-08-02,1:32:19:0
EUR=,1.1164,1.1168,1.1164,8927.0,2016-08-02,1:32:19:0
EUR=,1.1164,1.1168,1.1164,8928.0,2016-08-02,1:32:19:0
EUR=,1.1164,1.1168,1.1164,8929.0,2016-08-02,1:32:22:0
EUR=,1.1164,1.1168,1.1164,8930.0,2016-08-02,1:32:22:0
EUR=,1.1164,1.1168,1.1164,8931.0,2016-08-02,1:32:22:0
EUR=,1.1165,1.1167,1.1165,8932.0,2016-08-02,1:32:29:0
EUR=,1.1165,1.1167,1.1165,8933.0,2016-08-02,1:32:30:0
EUR=,1.1164,1.1168,1.1164,8934.0,2016-08-02,1:32:30:0
EUR=,1.1164,1.1168,1.1164,8935.0,2016-08-02,1:32:30:0
EUR=,1.1164,1.1168,1.1164,8936.0,2016-08-02,1:32:32:0
EUR=,1.1164,1.1168,1.1164,8937.0,2016-08-02,1:32:32:0
EUR=,1.1164,1.1168,1.1164,8938.0,2016-08-02,1:32:35:0
EUR=,1.1164,1.1168,1.1164,8939.0,2016-08-02,1:32:37:0
EUR=,1.1165,1.1168,1.1165,8940.0,2016-08-02,1:32:39:0
EUR=,1.1165,1.1169,1.1165,8941.0,2016-08-02,1:32:40:0
EUR=,1.1165,1.1169,1.1165,8942.0,2016-08-02,1:32:41:0
EUR=,1.1165,1.1169,1.1165,8943.0,2016-08-02,1:32:41:0
EUR=,1.1165,1.1169,1.1165,8944.0,2016-08-02,1:32:42:0
EUR=,1.1166,1.1168,1.1166,8945.0,2016-08-02,1:32:42:0
EUR=,1.1165,1.1169,1.1165,8946.0,2016-08-02,1:32:42:0
EUR=,1.1165,1.1169,1.1165,8947.0,2016-08-02,1:32:43:0
EUR=,1.1165,1.1169,1.1165,8948.0,2016-08-02,1:32:44:0
EUR=,1.1165,1.1169,1.1165,8949.0,2016-08-02,1:32:45:0
EUR=,1.1165,1.1169,1.1165,8950.0,2016-08-02,1:32:45:0
EUR=,1.1165,1.1169,1.1165,8951.0,2016-08-02,1:32:46:0
EUR=,1.1165,1.1169,1.1165,8952.0,2016-08-02,1:32:47:0
EUR=,1.1166,1.1169,1.1166,8953.0,2016-08-02,1:32:50:0
EUR=,1.1164,1.1168,1.1164,8954.0,2016-08-02,1:32:51:0
EUR=,1.1165,1.1169,1.1165,8955.0,2016-08-02,1:32:52:0
EUR=,1.1167,1.1169,1.1167,8956.0,2016-08-02,1:32:52:0
EUR=,1.1164,1.1168,1.1164,8957.0,2016-08-02,1:32:52:0
EUR=,1.1165,1.1169,1.1165,8958.0,2016-08-02,1:32:53:0
EUR=,1.1165,1.1167,1.1165,8959.0,2016-08-02,1:32:54:0
EUR=,1.1165,1.1169,1.1165,8960.0,2016-08-02,1:32:54:0
EUR=,1.1165,1.1169,1.1165,8961.0,2016-08-02,1:32:55:0
EUR=,1.1165,1.1169,1.1165,8962.0,2016-08-02,1:32:56:0
EUR=,1.1165,1.1169,1.1165,8963.0,2016-08-02,1:32:58:0
EUR=,1.1165,1.1169,1.1165,8964.0,2016-08-02,1:32:58:0
EUR=,1.1165,1.1168,1.1165,8965.0,2016-08-02,1:33:0:0
EUR=,1.1165,1.1168,1.1165,8966.0,2016-08-02,1:33:1:0
EUR=,1.1165,1.1169,1.1165,8967.0,2016-08-02,1:33:1:0
EUR=,1.1165,1.1169,1.1165,8968.0,2016-08-02,1:33:1:0
EUR=,1.1165,1.1169,1.1165,8969.0,2016-08-02,1:33:4:0
EUR=,1.1165,1.1169,1.1165,8970.0,2016-08-02,1:33:4:0
EUR=,1.1165,1.1169,1.1165,8971.0,2016-08-02,1:33:5:0
EUR=,1.1165,1.1169,1.1165,8972.0,2016-08-02,1:33:7:0
EUR=,1.1165,1.1169,1.1165,8973.0,2016-08-02,1:33:7:0
EUR=,1.1165,1.1169,1.1165,8974.0,2016-08-02,1:33:11:0
EUR=,1.1165,1.1169,1.1165,8975.0,2016-08-02,1:33:15:0
EUR=,1.1165,1.1169,1.1165,8976.0,2016-08-02,1:33:17:0
EUR=,1.1165,1.1169,1.1165,8977.0,2016-08-02,1:33:22:0
EUR=,1.1165,1.1169,1.1165,8978.0,2016-08-02,1:33:23:0
EUR=,1.1164,1.1168,1.1164,8979.0,2016-08-02,1:33:38:0
EUR=,1.1164,1.1168,1.1164,8980.0,2016-08-02,1:33:38:0
EUR=,1.1164,1.1168,1.1164,8981.0,2016-08-02,1:33:39:0
EUR=,1.1164,1.1168,1.1164,8982.0,2016-08-02,1:33:39:0
EUR=,1.1164,1.1168,1.1164,8983.0,2016-08-02,1:33:39:0
EUR=,1.1164,1.1168,1.1164,8984.0,2016-08-02,1:33:40:0
EUR=,1.1164,1.1168,1.1164,8985.0,2016-08-02,1:33:41:0
EUR=,1.1164,1.1167,1.1164,8986.0,2016-08-02,1:33:44:0
EUR=,1.1164,1.1168,1.1164,8987.0,2016-08-02,1:33:44:0
EUR=,1.1164,1.1168,1.1164,8988.0,2016-08-02,1:33:46:0
EUR=,1.1164,1.1168,1.1164,8989.0,2016-08-02,1:33:47:0
EUR=,1.1164,1.1168,1.1164,8990.0,2016-08-02,1:33:50:0
EUR=,1.1164,1.1168,1.1164,8991.0,2016-08-02,1:33:51:0
EUR=,1.1165,1.1169,1.1165,8992.0,2016-08-02,1:33:52:0
EUR=,1.1165,1.1169,1.1165,8993.0,2016-08-02,1:33:56:0
EUR=,1.1165,1.1168,1.1165,8994.0,2016-08-02,1:33:56:0
EUR=,1.1165,1.1168,1.1165,8995.0,2016-08-02,1:33:57:0
EUR=,1.1165,1.1168,1.1165,8996.0,2016-08-02,1:33:58:0
EUR=,1.1165,1.1167,1.1165,8997.0,2016-08-02,1:34:0:0
EUR=,1.1166,1.1167,1.1166,8998.0,2016-08-02,1:34:1:0
EUR=,1.1165,1.1169,1.1165,8999.0,2016-08-02,1:34:2:0
EUR=,1.1166,1.1167,1.1166,9000.0,2016-08-02,1:34:2:0
EUR=,1.1166,1.1168,1.1166,9001.0,2016-08-02,1:34:3:0
EUR=,1.1166,1.1168,1.1166,9002.0,2016-08-02,1:34:5:0
EUR=,1.1164,1.1167,1.1164,9003.0,2016-08-02,1:34:5:0
EUR=,1.1164,1.1168,1.1164,9004.0,2016-08-02,1:34:7:0
EUR=,1.1164,1.1168,1.1164,9005.0,2016-08-02,1:34:7:0
EUR=,1.1164,1.1168,1.1164,9006.0,2016-08-02,1:34:8:0
EUR=,1.1164,1.1168,1.1164,9007.0,2016-08-02,1:34:10:0
EUR=,1.1166,1.1168,1.1166,9008.0,2016-08-02,1:34:14:0
EUR=,1.1166,1.1168,1.1166,9009.0,2016-08-02,1:34:16:0
EUR=,1.1164,1.1167,1.1164,9010.0,2016-08-02,1:34:16:0
EUR=,1.1164,1.1167,1.1164,9011.0,2016-08-02,1:34:18:0
EUR=,1.1164,1.1168,1.1164,9012.0,2016-08-02,1:34:19:0
EUR=,1.1164,1.1168,1.1164,9013.0,2016-08-02,1:34:20:0
EUR=,1.1164,1.1168,1.1164,9014.0,2016-08-02,1:34:20:0
EUR=,1.1165,1.1169,1.1165,9015.0,2016-08-02,1:34:21:0
EUR=,1.1164,1.1168,1.1164,9016.0,2016-08-02,1:34:22:0
EUR=,1.1165,1.1169,1.1165,9017.0,2016-08-02,1:34:22:0
EUR=,1.1165,1.1169,1.1165,9018.0,2016-08-02,1:34:25:0
EUR=,1.1165,1.1169,1.1165,9019.0,2016-08-02,1:34:29:0
EUR=,1.1164,1.1168,1.1164,9020.0,2016-08-02,1:34:32:0
EUR=,1.1165,1.1169,1.1165,9021.0,2016-08-02,1:34:33:0
EUR=,1.1165,1.1169,1.1165,9022.0,2016-08-02,1:34:34:0
EUR=,1.1164,1.1168,1.1164,9023.0,2016-08-02,1:34:34:0
EUR=,1.1165,1.1169,1.1165,9024.0,2016-08-02,1:34:35:0
EUR=,1.1165,1.1169,1.1165,9025.0,2016-08-02,1:34:36:0
EUR=,1.1165,1.1169,1.1165,9026.0,2016-08-02,1:34:36:0
EUR=,1.1165,1.1169,1.1165,9027.0,2016-08-02,1:34:38:0
EUR=,1.1165,1.1169,1.1165,9028.0,2016-08-02,1:34:43:0
EUR=,1.1165,1.1169,1.1165,9029.0,2016-08-02,1:34:43:0
EUR=,1.1165,1.1169,1.1165,9030.0,2016-08-02,1:34:45:0
EUR=,1.1165,1.1169,1.1165,9031.0,2016-08-02,1:34:46:0
EUR=,1.1165,1.1169,1.1165,9032.0,2016-08-02,1:34:47:0
EUR=,1.1165,1.1169,1.1165,9033.0,2016-08-02,1:34:48:0
EUR=,1.1165,1.1169,1.1165,9034.0,2016-08-02,1:34:48:0
EUR=,1.1166,1.1169,1.1166,9035.0,2016-08-02,1:34:50:0
EUR=,1.1166,1.1169,1.1166,9036.0,2016-08-02,1:34:50:0
EUR=,1.1167,1.1169,1.1167,9037.0,2016-08-02,1:34:51:0
EUR=,1.1167,1.1169,1.1167,9038.0,2016-08-02,1:34:52:0
EUR=,1.1165,1.1169,1.1165,9039.0,2016-08-02,1:34:53:0
EUR=,1.1165,1.1169,1.1165,9040.0,2016-08-02,1:34:54:0
EUR=,1.1165,1.1169,1.1165,9041.0,2016-08-02,1:34:55:0
EUR=,1.1165,1.1169,1.1165,9042.0,2016-08-02,1:34:55:0
EUR=,1.1165,1.1169,1.1165,9043.0,2016-08-02,1:34:55:0
EUR=,1.1165,1.1169,1.1165,9044.0,2016-08-02,1:34:58:0
EUR=,1.1166,1.1168,1.1166,9045.0,2016-08-02,1:35:0:0
EUR=,1.1165,1.1169,1.1165,9046.0,2016-08-02,1:35:1:0
EUR=,1.1166,1.1168,1.1166,9047.0,2016-08-02,1:35:1:0
EUR=,1.1165,1.1169,1.1165,9048.0,2016-08-02,1:35:1:0
EUR=,1.1165,1.1169,1.1165,9049.0,2016-08-02,1:35:2:0
EUR=,1.1165,1.1169,1.1165,9050.0,2016-08-02,1:35:5:0
EUR=,1.1165,1.1169,1.1165,9051.0,2016-08-02,1:35:6:0
EUR=,1.1166,1.1169,1.1166,9052.0,2016-08-02,1:35:6:0
EUR=,1.1165,1.1169,1.1165,9053.0,2016-08-02,1:35:7:0
EUR=,1.1165,1.1169,1.1165,9054.0,2016-08-02,1:35:7:0
EUR=,1.1165,1.1169,1.1165,9055.0,2016-08-02,1:35:10:0
EUR=,1.1165,1.1169,1.1165,9056.0,2016-08-02,1:35:13:0
EUR=,1.1166,1.1168,1.1166,9057.0,2016-08-02,1:35:15:0
EUR=,1.1166,1.1168,1.1166,9058.0,2016-08-02,1:35:16:0
EUR=,1.1165,1.1169,1.1165,9059.0,2016-08-02,1:35:16:0
EUR=,1.1165,1.1169,1.1165,9060.0,2016-08-02,1:35:16:0
EUR=,1.1165,1.1169,1.1165,9061.0,2016-08-02,1:35:17:0
EUR=,1.1165,1.1169,1.1165,9062.0,2016-08-02,1:35:19:0
EUR=,1.1165,1.1169,1.1165,9063.0,2016-08-02,1:35:22:0
EUR=,1.1165,1.1169,1.1165,9064.0,2016-08-02,1:35:24:0
EUR=,1.1165,1.1169,1.1165,9065.0,2016-08-02,1:35:25:0
EUR=,1.1165,1.1169,1.1165,9066.0,2016-08-02,1:35:33:0
EUR=,1.1165,1.1168,1.1165,9067.0,2016-08-02,1:35:34:0
EUR=,1.1165,1.1168,1.1165,9068.0,2016-08-02,1:35:36:0
EUR=,1.1166,1.1169,1.1166,9069.0,2016-08-02,1:35:44:0
EUR=,1.1164,1.1168,1.1164,9070.0,2016-08-02,1:35:45:0
EUR=,1.1166,1.1169,1.1166,9071.0,2016-08-02,1:35:46:0
EUR=,1.1164,1.1168,1.1164,9072.0,2016-08-02,1:35:55:0
EUR=,1.1164,1.1168,1.1164,9073.0,2016-08-02,1:35:56:0
EUR=,1.1165,1.1167,1.1165,9074.0,2016-08-02,1:35:57:0
EUR=,1.1166,1.1169,1.1166,9075.0,2016-08-02,1:35:58:0
EUR=,1.1165,1.1169,1.1165,9076.0,2016-08-02,1:35:58:0
EUR=,1.1165,1.1169,1.1165,9077.0,2016-08-02,1:35:58:0
EUR=,1.1166,1.1169,1.1166,9078.0,2016-08-02,1:35:58:0
EUR=,1.1167,1.1169,1.1167,9079.0,2016-08-02,1:35:59:0
EUR=,1.1166,1.117,1.1166,9080.0,2016-08-02,1:35:59:0
EUR=,1.1166,1.117,1.1166,9081.0,2016-08-02,1:35:59:0
EUR=,1.1167,1.1169,1.1167,9082.0,2016-08-02,1:36:0:0
EUR=,1.1165,1.1168,1.1165,9083.0,2016-08-02,1:36:0:0
EUR=,1.1165,1.1169,1.1165,9084.0,2016-08-02,1:36:0:0
EUR=,1.1167,1.1168,1.1167,9085.0,2016-08-02,1:36:3:0
EUR=,1.1167,1.1168,1.1167,9086.0,2016-08-02,1:36:6:0
EUR=,1.1165,1.1167,1.1165,9087.0,2016-08-02,1:36:10:0
EUR=,1.1165,1.1167,1.1165,9088.0,2016-08-02,1:36:13:0
EUR=,1.1165,1.1167,1.1165,9089.0,2016-08-02,1:36:13:0
EUR=,1.1165,1.1169,1.1165,9090.0,2016-08-02,1:36:16:0
EUR=,1.1165,1.1169,1.1165,9091.0,2016-08-02,1:36:17:0
EUR=,1.1165,1.1169,1.1165,9092.0,2016-08-02,1:36:27:0
EUR=,1.1165,1.1169,1.1165,9093.0,2016-08-02,1:36:28:0
EUR=,1.1165,1.1169,1.1165,9094.0,2016-08-02,1:36:28:0
EUR=,1.1165,1.1169,1.1165,9095.0,2016-08-02,1:36:29:0
EUR=,1.1165,1.1169,1.1165,9096.0,2016-08-02,1:36:29:0
EUR=,1.1165,1.1169,1.1165,9097.0,2016-08-02,1:36:29:0
EUR=,1.1164,1.1168,1.1164,9098.0,2016-08-02,1:36:30:0
EUR=,1.1166,1.1169,1.1166,9099.0,2016-08-02,1:36:30:0
EUR=,1.1166,1.1169,1.1166,9100.0,2016-08-02,1:36:31:0
EUR=,1.1167,1.1169,1.1167,9101.0,2016-08-02,1:36:32:0
EUR=,1.1167,1.1169,1.1167,9102.0,2016-08-02,1:36:34:0
EUR=,1.1165,1.1169,1.1165,9103.0,2016-08-02,1:36:34:0
EUR=,1.1165,1.1169,1.1165,9104.0,2016-08-02,1:36:37:0
EUR=,1.1166,1.1169,1.1166,9105.0,2016-08-02,1:36:39:0
EUR=,1.1166,1.1169,1.1166,9106.0,2016-08-02,1:36:41:0
EUR=,1.1167,1.1169,1.1167,9107.0,2016-08-02,1:36:48:0
EUR=,1.1164,1.1168,1.1164,9108.0,2016-08-02,1:36:49:0
EUR=,1.1164,1.1168,1.1164,9109.0,2016-08-02,1:36:51:0
EUR=,1.1165,1.1167,1.1165,9110.0,2016-08-02,1:36:51:0
EUR=,1.1165,1.1167,1.1165,9111.0,2016-08-02,1:36:54:0
EUR=,1.1163,1.1166,1.1163,9112.0,2016-08-02,1:36:57:0
EUR=,1.1164,1.1166,1.1164,9113.0,2016-08-02,1:36:59:0
EUR=,1.1164,1.1166,1.1164,9114.0,2016-08-02,1:37:1:0
EUR=,1.1167,1.1168,1.1167,9115.0,2016-08-02,1:37:2:0
EUR=,1.1167,1.1169,1.1167,9116.0,2016-08-02,1:37:3:0
EUR=,1.1166,1.117,1.1166,9117.0,2016-08-02,1:37:6:0
EUR=,1.1165,1.1168,1.1165,9118.0,2016-08-02,1:37:6:0
EUR=,1.1166,1.1169,1.1166,9119.0,2016-08-02,1:37:8:0
EUR=,1.1166,1.117,1.1166,9120.0,2016-08-02,1:37:9:0
EUR=,1.1165,1.1168,1.1165,9121.0,2016-08-02,1:37:9:0
EUR=,1.1165,1.1169,1.1165,9122.0,2016-08-02,1:37:9:0
EUR=,1.1165,1.1169,1.1165,9123.0,2016-08-02,1:37:14:0
EUR=,1.1167,1.1168,1.1167,9124.0,2016-08-02,1:37:15:0
EUR=,1.1167,1.1168,1.1167,9125.0,2016-08-02,1:37:20:0
EUR=,1.1165,1.1167,1.1165,9126.0,2016-08-02,1:37:22:0
EUR=,1.1165,1.1169,1.1165,9127.0,2016-08-02,1:37:23:0
EUR=,1.1165,1.1167,1.1165,9128.0,2016-08-02,1:37:23:0
EUR=,1.1165,1.1167,1.1165,9129.0,2016-08-02,1:37:24:0
EUR=,1.1167,1.1169,1.1167,9130.0,2016-08-02,1:37:24:0
EUR=,1.1167,1.1169,1.1167,9131.0,2016-08-02,1:37:25:0
EUR=,1.1167,1.1169,1.1167,9132.0,2016-08-02,1:37:26:0
EUR=,1.1165,1.1168,1.1165,9133.0,2016-08-02,1:37:32:0
EUR=,1.1166,1.1168,1.1166,9134.0,2016-08-02,1:37:33:0
EUR=,1.1166,1.1168,1.1166,9135.0,2016-08-02,1:37:34:0
EUR=,1.1165,1.1169,1.1165,9136.0,2016-08-02,1:37:36:0
EUR=,1.1165,1.1169,1.1165,9137.0,2016-08-02,1:37:38:0
EUR=,1.1165,1.1169,1.1165,9138.0,2016-08-02,1:37:39:0
EUR=,1.1165,1.1169,1.1165,9139.0,2016-08-02,1:37:40:0
EUR=,1.1167,1.1168,1.1167,9140.0,2016-08-02,1:37:42:0
EUR=,1.1166,1.117,1.1166,9141.0,2016-08-02,1:37:43:0
EUR=,1.1165,1.1167,1.1165,9142.0,2016-08-02,1:37:43:0
EUR=,1.1165,1.1167,1.1165,9143.0,2016-08-02,1:37:44:0
EUR=,1.1166,1.117,1.1166,9144.0,2016-08-02,1:37:44:0
EUR=,1.1166,1.117,1.1166,9145.0,2016-08-02,1:37:44:0
EUR=,1.1166,1.117,1.1166,9146.0,2016-08-02,1:37:45:0
EUR=,1.1167,1.1169,1.1167,9147.0,2016-08-02,1:37:45:0
EUR=,1.1167,1.1169,1.1167,9148.0,2016-08-02,1:37:45:0
EUR=,1.1166,1.117,1.1166,9149.0,2016-08-02,1:37:46:0
EUR=,1.1167,1.1169,1.1167,9150.0,2016-08-02,1:38:0:0
EUR=,1.1167,1.1168,1.1167,9151.0,2016-08-02,1:38:1:0
EUR=,1.1167,1.1169,1.1167,9152.0,2016-08-02,1:38:1:0
EUR=,1.1165,1.1169,1.1165,9153.0,2016-08-02,1:38:7:0
EUR=,1.1165,1.1168,1.1165,9154.0,2016-08-02,1:38:7:0
EUR=,1.1166,1.117,1.1166,9155.0,2016-08-02,1:38:8:0
EUR=,1.1166,1.1169,1.1166,9156.0,2016-08-02,1:38:9:0
EUR=,1.1165,1.1169,1.1165,9157.0,2016-08-02,1:38:10:0
EUR=,1.1166,1.1169,1.1166,9158.0,2016-08-02,1:38:10:0
EUR=,1.1165,1.1168,1.1165,9159.0,2016-08-02,1:38:11:0
EUR=,1.1166,1.117,1.1166,9160.0,2016-08-02,1:38:12:0
EUR=,1.1166,1.117,1.1166,9161.0,2016-08-02,1:38:14:0
EUR=,1.1165,1.1169,1.1165,9162.0,2016-08-02,1:38:38:0
EUR=,1.1165,1.1169,1.1165,9163.0,2016-08-02,1:38:39:0
EUR=,1.1167,1.1168,1.1167,9164.0,2016-08-02,1:39:1:0
EUR=,1.1166,1.117,1.1166,9165.0,2016-08-02,1:39:3:0
EUR=,1.1167,1.1168,1.1167,9166.0,2016-08-02,1:39:3:0
EUR=,1.1166,1.117,1.1166,9167.0,2016-08-02,1:39:5:0
EUR=,1.1166,1.117,1.1166,9168.0,2016-08-02,1:39:5:0
EUR=,1.1166,1.117,1.1166,9169.0,2016-08-02,1:39:5:0
EUR=,1.1166,1.117,1.1166,9170.0,2016-08-02,1:39:6:0
EUR=,1.1166,1.117,1.1166,9171.0,2016-08-02,1:39:8:0
EUR=,1.1166,1.117,1.1166,9172.0,2016-08-02,1:39:22:0
EUR=,1.1166,1.117,1.1166,9173.0,2016-08-02,1:39:23:0
EUR=,1.1166,1.117,1.1166,9174.0,2016-08-02,1:39:24:0
EUR=,1.1168,1.1169,1.1168,9175.0,2016-08-02,1:39:24:0
EUR=,1.1167,1.117,1.1167,9176.0,2016-08-02,1:39:24:0
EUR=,1.1167,1.117,1.1167,9177.0,2016-08-02,1:39:26:0
EUR=,1.1165,1.1169,1.1165,9178.0,2016-08-02,1:39:32:0
EUR=,1.1165,1.1169,1.1165,9179.0,2016-08-02,1:39:34:0
EUR=,1.1166,1.117,1.1166,9180.0,2016-08-02,1:39:49:0
EUR=,1.1166,1.117,1.1166,9181.0,2016-08-02,1:39:50:0
EUR=,1.1167,1.1171,1.1167,9182.0,2016-08-02,1:39:50:0
EUR=,1.1167,1.1171,1.1167,9183.0,2016-08-02,1:39:50:0
EUR=,1.1168,1.117,1.1168,9184.0,2016-08-02,1:39:51:0
EUR=,1.1167,1.1171,1.1167,9185.0,2016-08-02,1:39:51:0
EUR=,1.1167,1.1171,1.1167,9186.0,2016-08-02,1:39:51:0
EUR=,1.1166,1.117,1.1166,9187.0,2016-08-02,1:39:52:0
EUR=,1.1167,1.1171,1.1167,9188.0,2016-08-02,1:39:53:0
EUR=,1.1168,1.1169,1.1168,9189.0,2016-08-02,1:39:54:0
EUR=,1.1166,1.1168,1.1166,9190.0,2016-08-02,1:39:55:0
EUR=,1.1166,1.117,1.1166,9191.0,2016-08-02,1:39:56:0
EUR=,1.1166,1.117,1.1166,9192.0,2016-08-02,1:39:57:0
EUR=,1.1166,1.117,1.1166,9193.0,2016-08-02,1:40:0:0
EUR=,1.1168,1.117,1.1168,9194.0,2016-08-02,1:40:0:0
EUR=,1.1167,1.1171,1.1167,9195.0,2016-08-02,1:40:0:0
EUR=,1.1168,1.1169,1.1168,9196.0,2016-08-02,1:40:1:0
EUR=,1.1167,1.1171,1.1167,9197.0,2016-08-02,1:40:1:0
EUR=,1.1168,1.1169,1.1168,9198.0,2016-08-02,1:40:2:0
EUR=,1.1168,1.1169,1.1168,9199.0,2016-08-02,1:40:4:0
EUR=,1.1167,1.1171,1.1167,9200.0,2016-08-02,1:40:5:0
EUR=,1.1167,1.1171,1.1167,9201.0,2016-08-02,1:40:6:0
EUR=,1.1168,1.1171,1.1168,9202.0,2016-08-02,1:40:8:0
EUR=,1.1167,1.1171,1.1167,9203.0,2016-08-02,1:40:8:0
EUR=,1.1167,1.1171,1.1167,9204.0,2016-08-02,1:40:9:0
EUR=,1.1167,1.1171,1.1167,9205.0,2016-08-02,1:40:10:0
EUR=,1.1167,1.1171,1.1167,9206.0,2016-08-02,1:40:16:0
EUR=,1.1167,1.1171,1.1167,9207.0,2016-08-02,1:40:20:0
EUR=,1.1168,1.117,1.1168,9208.0,2016-08-02,1:40:30:0
EUR=,1.1168,1.117,1.1168,9209.0,2016-08-02,1:40:31:0
EUR=,1.1167,1.1171,1.1167,9210.0,2016-08-02,1:40:32:0
EUR=,1.1167,1.1171,1.1167,9211.0,2016-08-02,1:40:32:0
EUR=,1.1166,1.117,1.1166,9212.0,2016-08-02,1:40:33:0
EUR=,1.1167,1.1169,1.1167,9213.0,2016-08-02,1:40:33:0
EUR=,1.1166,1.117,1.1166,9214.0,2016-08-02,1:40:33:0
EUR=,1.1166,1.117,1.1166,9215.0,2016-08-02,1:40:34:0
EUR=,1.1166,1.117,1.1166,9216.0,2016-08-02,1:40:34:0
EUR=,1.1166,1.117,1.1166,9217.0,2016-08-02,1:40:37:0
EUR=,1.1166,1.1169,1.1166,9218.0,2016-08-02,1:40:39:0
EUR=,1.1166,1.117,1.1166,9219.0,2016-08-02,1:40:40:0
EUR=,1.1166,1.117,1.1166,9220.0,2016-08-02,1:40:44:0
EUR=,1.1166,1.117,1.1166,9221.0,2016-08-02,1:40:50:0
EUR=,1.1166,1.117,1.1166,9222.0,2016-08-02,1:40:50:0
EUR=,1.1166,1.117,1.1166,9223.0,2016-08-02,1:40:50:0
EUR=,1.1166,1.117,1.1166,9224.0,2016-08-02,1:40:55:0
EUR=,1.1167,1.1171,1.1167,9225.0,2016-08-02,1:40:56:0
EUR=,1.1168,1.117,1.1168,9226.0,2016-08-02,1:40:57:0
EUR=,1.1168,1.117,1.1168,9227.0,2016-08-02,1:40:59:0
EUR=,1.1167,1.117,1.1167,9228.0,2016-08-02,1:41:0:0
EUR=,1.1167,1.1169,1.1167,9229.0,2016-08-02,1:41:0:0
EUR=,1.1167,1.117,1.1167,9230.0,2016-08-02,1:41:1:0
EUR=,1.1168,1.1169,1.1168,9231.0,2016-08-02,1:41:1:0
EUR=,1.1167,1.117,1.1167,9232.0,2016-08-02,1:41:2:0
EUR=,1.1167,1.1169,1.1167,9233.0,2016-08-02,1:41:2:0
EUR=,1.1167,1.1169,1.1167,9234.0,2016-08-02,1:41:5:0
EUR=,1.1166,1.117,1.1166,9235.0,2016-08-02,1:41:6:0
EUR=,1.1166,1.117,1.1166,9236.0,2016-08-02,1:41:6:0
EUR=,1.1167,1.1169,1.1167,9238.0,2016-08-02,1:41:6:0
EUR=,1.1167,1.1169,1.1167,9238.0,2016-08-02,1:41:6:0
EUR=,1.1166,1.117,1.1166,9239.0,2016-08-02,1:41:7:0
EUR=,1.1166,1.117,1.1166,9240.0,2016-08-02,1:41:8:0
EUR=,1.1166,1.117,1.1166,9241.0,2016-08-02,1:41:11:0
EUR=,1.1166,1.117,1.1166,9242.0,2016-08-02,1:41:15:0
EUR=,1.1166,1.117,1.1166,9243.0,2016-08-02,1:41:16:0
EUR=,1.1166,1.117,1.1166,9244.0,2016-08-02,1:41:17:0
EUR=,1.1166,1.117,1.1166,9245.0,2016-08-02,1:41:20:0
EUR=,1.1166,1.117,1.1166,9246.0,2016-08-02,1:41:20:0
EUR=,1.1166,1.117,1.1166,9247.0,2016-08-02,1:41:21:0
EUR=,1.1166,1.117,1.1166,9248.0,2016-08-02,1:41:23:0
EUR=,1.1166,1.117,1.1166,9249.0,2016-08-02,1:41:27:0
EUR=,1.1166,1.117,1.1166,9250.0,2016-08-02,1:41:30:0
EUR=,1.1166,1.117,1.1166,9251.0,2016-08-02,1:41:35:0
EUR=,1.1167,1.1171,1.1167,9252.0,2016-08-02,1:41:38:0
EUR=,1.1167,1.1171,1.1167,9253.0,2016-08-02,1:41:39:0
EUR=,1.1167,1.1171,1.1167,9254.0,2016-08-02,1:41:39:0
EUR=,1.1167,1.1171,1.1167,9255.0,2016-08-02,1:41:39:0
EUR=,1.1166,1.117,1.1166,9256.0,2016-08-02,1:41:46:0
EUR=,1.1166,1.117,1.1166,9257.0,2016-08-02,1:41:46:0
EUR=,1.1166,1.117,1.1166,9258.0,2016-08-02,1:41:48:0
EUR=,1.1168,1.1169,1.1168,9259.0,2016-08-02,1:41:48:0
EUR=,1.1168,1.1169,1.1168,9260.0,2016-08-02,1:41:50:0
EUR=,1.1166,1.117,1.1166,9261.0,2016-08-02,1:41:50:0
EUR=,1.1166,1.117,1.1166,9262.0,2016-08-02,1:41:51:0
EUR=,1.1168,1.1169,1.1168,9263.0,2016-08-02,1:42:1:0
EUR=,1.1168,1.1169,1.1168,9264.0,2016-08-02,1:42:1:0
EUR=,1.1166,1.117,1.1166,9265.0,2016-08-02,1:42:4:0
EUR=,1.1166,1.117,1.1166,9266.0,2016-08-02,1:42:9:0
EUR=,1.1168,1.1169,1.1168,9267.0,2016-08-02,1:42:12:0
EUR=,1.1168,1.1169,1.1168,9268.0,2016-08-02,1:42:14:0
EUR=,1.1166,1.117,1.1166,9269.0,2016-08-02,1:42:17:0
EUR=,1.1167,1.1169,1.1167,9270.0,2016-08-02,1:42:18:0
EUR=,1.1167,1.1169,1.1167,9271.0,2016-08-02,1:42:18:0
EUR=,1.1166,1.117,1.1166,9272.0,2016-08-02,1:42:18:0
EUR=,1.1166,1.117,1.1166,9273.0,2016-08-02,1:42:19:0
EUR=,1.1166,1.117,1.1166,9274.0,2016-08-02,1:42:21:0
EUR=,1.1166,1.117,1.1166,9275.0,2016-08-02,1:42:23:0
EUR=,1.1166,1.117,1.1166,9276.0,2016-08-02,1:42:27:0
EUR=,1.1166,1.1169,1.1166,9277.0,2016-08-02,1:42:29:0
EUR=,1.1166,1.1169,1.1166,9278.0,2016-08-02,1:42:31:0
EUR=,1.1166,1.117,1.1166,9279.0,2016-08-02,1:42:32:0
EUR=,1.1166,1.117,1.1166,9280.0,2016-08-02,1:42:35:0
EUR=,1.1166,1.1169,1.1166,9281.0,2016-08-02,1:42:41:0
EUR=,1.1166,1.117,1.1166,9282.0,2016-08-02,1:42:41:0
EUR=,1.1166,1.1169,1.1166,9283.0,2016-08-02,1:42:42:0
EUR=,1.1166,1.117,1.1166,9284.0,2016-08-02,1:42:43:0
EUR=,1.1166,1.117,1.1166,9285.0,2016-08-02,1:42:44:0
EUR=,1.1166,1.117,1.1166,9286.0,2016-08-02,1:42:55:0
EUR=,1.1167,1.1168,1.1167,9287.0,2016-08-02,1:43:1:0
EUR=,1.1167,1.1168,1.1167,9288.0,2016-08-02,1:43:3:0
EUR=,1.1166,1.117,1.1166,9289.0,2016-08-02,1:43:12:0
EUR=,1.1166,1.117,1.1166,9290.0,2016-08-02,1:43:12:0
EUR=,1.1167,1.117,1.1167,9291.0,2016-08-02,1:43:44:0
EUR=,1.1167,1.117,1.1167,9292.0,2016-08-02,1:43:45:0
EUR=,1.1166,1.117,1.1166,9293.0,2016-08-02,1:43:45:0
EUR=,1.1166,1.117,1.1166,9294.0,2016-08-02,1:43:46:0
EUR=,1.1166,1.117,1.1166,9295.0,2016-08-02,1:43:47:0
EUR=,1.1166,1.117,1.1166,9296.0,2016-08-02,1:43:48:0
EUR=,1.1166,1.117,1.1166,9297.0,2016-08-02,1:44:17:0
EUR=,1.1166,1.117,1.1166,9298.0,2016-08-02,1:44:29:0
EUR=,1.1166,1.117,1.1166,9299.0,2016-08-02,1:44:32:0
EUR=,1.1166,1.117,1.1166,9300.0,2016-08-02,1:44:34:0
EUR=,1.1166,1.117,1.1166,9301.0,2016-08-02,1:44:38:0
EUR=,1.1166,1.117,1.1166,9302.0,2016-08-02,1:44:38:0
EUR=,1.1166,1.117,1.1166,9303.0,2016-08-02,1:44:39:0
EUR=,1.1166,1.117,1.1166,9304.0,2016-08-02,1:44:41:0
EUR=,1.1166,1.117,1.1166,9305.0,2016-08-02,1:44:44:0
EUR=,1.1166,1.117,1.1166,9306.0,2016-08-02,1:44:44:0
EUR=,1.1166,1.1169,1.1166,9307.0,2016-08-02,1:44:45:0
EUR=,1.1166,1.117,1.1166,9308.0,2016-08-02,1:44:45:0
EUR=,1.1165,1.1169,1.1165,9309.0,2016-08-02,1:44:46:0
EUR=,1.1165,1.1169,1.1165,9310.0,2016-08-02,1:44:46:0
EUR=,1.1165,1.1169,1.1165,9311.0,2016-08-02,1:44:46:0
EUR=,1.1165,1.1169,1.1165,9312.0,2016-08-02,1:44:47:0
EUR=,1.1167,1.1168,1.1167,9313.0,2016-08-02,1:44:48:0
EUR=,1.1166,1.1169,1.1166,9314.0,2016-08-02,1:44:50:0
EUR=,1.1165,1.1167,1.1165,9315.0,2016-08-02,1:44:50:0
EUR=,1.1165,1.1167,1.1165,9316.0,2016-08-02,1:44:51:0
EUR=,1.1165,1.1167,1.1165,9317.0,2016-08-02,1:44:52:0
EUR=,1.1163,1.1166,1.1163,9318.0,2016-08-02,1:44:56:0
EUR=,1.1164,1.1166,1.1164,9319.0,2016-08-02,1:44:57:0
EUR=,1.1164,1.1166,1.1164,9320.0,2016-08-02,1:44:58:0
EUR=,1.1166,1.1169,1.1166,9321.0,2016-08-02,1:45:0:0
EUR=,1.1167,1.1168,1.1167,9322.0,2016-08-02,1:45:2:0
EUR=,1.1167,1.1168,1.1167,9323.0,2016-08-02,1:45:3:0
EUR=,1.1165,1.1167,1.1165,9324.0,2016-08-02,1:45:3:0
EUR=,1.1165,1.1167,1.1165,9325.0,2016-08-02,1:45:8:0
EUR=,1.1165,1.1169,1.1165,9326.0,2016-08-02,1:45:15:0
EUR=,1.1165,1.1169,1.1165,9327.0,2016-08-02,1:45:15:0
EUR=,1.1165,1.1169,1.1165,9328.0,2016-08-02,1:45:16:0
EUR=,1.1166,1.117,1.1166,9329.0,2016-08-02,1:45:19:0
EUR=,1.1166,1.117,1.1166,9330.0,2016-08-02,1:45:20:0
EUR=,1.1167,1.1169,1.1167,9331.0,2016-08-02,1:45:21:0
EUR=,1.1165,1.1168,1.1165,9332.0,2016-08-02,1:45:22:0
EUR=,1.1167,1.1169,1.1167,9333.0,2016-08-02,1:45:22:0
EUR=,1.1164,1.1168,1.1164,9334.0,2016-08-02,1:45:30:0
EUR=,1.1164,1.1168,1.1164,9335.0,2016-08-02,1:45:31:0
EUR=,1.1166,1.117,1.1166,9336.0,2016-08-02,1:45:31:0
EUR=,1.1166,1.117,1.1166,9337.0,2016-08-02,1:45:32:0
EUR=,1.1166,1.117,1.1166,9338.0,2016-08-02,1:45:32:0
EUR=,1.1166,1.117,1.1166,9339.0,2016-08-02,1:45:32:0
EUR=,1.1166,1.117,1.1166,9340.0,2016-08-02,1:45:33:0
EUR=,1.1166,1.117,1.1166,9341.0,2016-08-02,1:45:35:0
EUR=,1.1166,1.117,1.1166,9342.0,2016-08-02,1:45:40:0
EUR=,1.1167,1.117,1.1167,9343.0,2016-08-02,1:45:44:0
EUR=,1.1167,1.117,1.1167,9344.0,2016-08-02,1:45:46:0
EUR=,1.1166,1.117,1.1166,9345.0,2016-08-02,1:45:47:0
EUR=,1.1166,1.117,1.1166,9346.0,2016-08-02,1:45:48:0
EUR=,1.1166,1.117,1.1166,9347.0,2016-08-02,1:45:52:0
EUR=,1.1167,1.1169,1.1167,9348.0,2016-08-02,1:46:0:0
EUR=,1.1167,1.1169,1.1167,9349.0,2016-08-02,1:46:0:0
EUR=,1.1167,1.1168,1.1167,9350.0,2016-08-02,1:46:1:0
EUR=,1.1167,1.1168,1.1167,9351.0,2016-08-02,1:46:2:0
EUR=,1.1165,1.1167,1.1165,9352.0,2016-08-02,1:46:13:0
EUR=,1.1165,1.1167,1.1165,9353.0,2016-08-02,1:46:14:0
EUR=,1.1163,1.1166,1.1163,9354.0,2016-08-02,1:46:26:0
EUR=,1.1163,1.1166,1.1163,9355.0,2016-08-02,1:46:27:0
EUR=,1.1166,1.1169,1.1166,9356.0,2016-08-02,1:46:30:0
EUR=,1.1164,1.1168,1.1164,9357.0,2016-08-02,1:46:31:0
EUR=,1.1164,1.1168,1.1164,9358.0,2016-08-02,1:46:33:0
EUR=,1.1166,1.117,1.1166,9359.0,2016-08-02,1:47:10:0
EUR=,1.1166,1.117,1.1166,9360.0,2016-08-02,1:47:11:0
EUR=,1.1166,1.117,1.1166,9361.0,2016-08-02,1:47:12:0
EUR=,1.1166,1.117,1.1166,9362.0,2016-08-02,1:47:27:0
EUR=,1.1166,1.117,1.1166,9363.0,2016-08-02,1:47:28:0
EUR=,1.1166,1.117,1.1166,9364.0,2016-08-02,1:47:31:0
EUR=,1.1166,1.117,1.1166,9365.0,2016-08-02,1:47:33:0
EUR=,1.1166,1.117,1.1166,9366.0,2016-08-02,1:47:43:0
EUR=,1.1166,1.117,1.1166,9367.0,2016-08-02,1:47:44:0
EUR=,1.1166,1.117,1.1166,9368.0,2016-08-02,1:47:52:0
EUR=,1.1166,1.117,1.1166,9369.0,2016-08-02,1:47:53:0
EUR=,1.1166,1.117,1.1166,9370.0,2016-08-02,1:47:55:0
EUR=,1.1166,1.1169,1.1166,9371.0,2016-08-02,1:47:55:0
EUR=,1.1166,1.117,1.1166,9372.0,2016-08-02,1:47:56:0
EUR=,1.1166,1.1169,1.1166,9373.0,2016-08-02,1:47:56:0
EUR=,1.1166,1.117,1.1166,9374.0,2016-08-02,1:47:57:0
EUR=,1.1166,1.117,1.1166,9375.0,2016-08-02,1:47:58:0
EUR=,1.1166,1.117,1.1166,9376.0,2016-08-02,1:47:58:0
EUR=,1.1167,1.1169,1.1167,9377.0,2016-08-02,1:47:58:0
EUR=,1.1166,1.117,1.1166,9378.0,2016-08-02,1:48:0:0
EUR=,1.1166,1.1169,1.1166,9379.0,2016-08-02,1:48:0:0
EUR=,1.1165,1.1168,1.1165,9380.0,2016-08-02,1:48:0:0
EUR=,1.1167,1.1168,1.1167,9381.0,2016-08-02,1:48:1:0
EUR=,1.1166,1.117,1.1166,9382.0,2016-08-02,1:48:1:0
EUR=,1.1166,1.117,1.1166,9383.0,2016-08-02,1:48:1:0
EUR=,1.1166,1.117,1.1166,9384.0,2016-08-02,1:48:2:0
EUR=,1.1168,1.1169,1.1168,9385.0,2016-08-02,1:48:3:0
EUR=,1.1166,1.117,1.1166,9386.0,2016-08-02,1:48:4:0
EUR=,1.1166,1.117,1.1166,9387.0,2016-08-02,1:48:4:0
EUR=,1.1166,1.117,1.1166,9388.0,2016-08-02,1:48:5:0
EUR=,1.1166,1.117,1.1166,9389.0,2016-08-02,1:48:5:0
EUR=,1.1166,1.117,1.1166,9390.0,2016-08-02,1:48:6:0
EUR=,1.1166,1.117,1.1166,9391.0,2016-08-02,1:48:7:0
EUR=,1.1166,1.117,1.1166,9392.0,2016-08-02,1:48:7:0
EUR=,1.1166,1.117,1.1166,9393.0,2016-08-02,1:48:8:0
EUR=,1.1166,1.117,1.1166,9394.0,2016-08-02,1:48:13:0
EUR=,1.1166,1.117,1.1166,9395.0,2016-08-02,1:48:13:0
EUR=,1.1166,1.117,1.1166,9396.0,2016-08-02,1:48:16:0
EUR=,1.1166,1.117,1.1166,9397.0,2016-08-02,1:48:16:0
EUR=,1.1167,1.117,1.1167,9398.0,2016-08-02,1:48:18:0
EUR=,1.1167,1.117,1.1167,9399.0,2016-08-02,1:48:21:0
EUR=,1.1168,1.1169,1.1168,9400.0,2016-08-02,1:48:22:0
EUR=,1.1167,1.1171,1.1167,9401.0,2016-08-02,1:48:22:0
EUR=,1.1166,1.117,1.1166,9402.0,2016-08-02,1:48:23:0
EUR=,1.1166,1.117,1.1166,9403.0,2016-08-02,1:48:24:0
EUR=,1.1167,1.117,1.1167,9404.0,2016-08-02,1:48:25:0
EUR=,1.1167,1.117,1.1167,9405.0,2016-08-02,1:48:26:0
EUR=,1.1167,1.1169,1.1167,9406.0,2016-08-02,1:48:28:0
EUR=,1.1166,1.117,1.1166,9407.0,2016-08-02,1:48:28:0
EUR=,1.1166,1.117,1.1166,9408.0,2016-08-02,1:48:28:0
EUR=,1.1166,1.117,1.1166,9409.0,2016-08-02,1:48:29:0
EUR=,1.1166,1.117,1.1166,9410.0,2016-08-02,1:48:29:0
EUR=,1.1167,1.117,1.1167,9411.0,2016-08-02,1:48:30:0
EUR=,1.1166,1.117,1.1166,9412.0,2016-08-02,1:48:31:0
EUR=,1.1166,1.117,1.1166,9413.0,2016-08-02,1:48:31:0
EUR=,1.1166,1.117,1.1166,9414.0,2016-08-02,1:48:33:0
EUR=,1.1166,1.117,1.1166,9415.0,2016-08-02,1:48:34:0
EUR=,1.1166,1.117,1.1166,9416.0,2016-08-02,1:48:43:0
EUR=,1.1166,1.117,1.1166,9417.0,2016-08-02,1:48:43:0
EUR=,1.1166,1.117,1.1166,9418.0,2016-08-02,1:48:44:0
EUR=,1.1166,1.117,1.1166,9419.0,2016-08-02,1:48:45:0
EUR=,1.1166,1.117,1.1166,9420.0,2016-08-02,1:48:46:0
EUR=,1.1166,1.117,1.1166,9421.0,2016-08-02,1:48:48:0
EUR=,1.1166,1.117,1.1166,9422.0,2016-08-02,1:48:51:0
EUR=,1.1166,1.117,1.1166,9423.0,2016-08-02,1:48:55:0
EUR=,1.1166,1.117,1.1166,9424.0,2016-08-02,1:48:56:0
EUR=,1.1166,1.117,1.1166,9425.0,2016-08-02,1:48:57:0
EUR=,1.1166,1.117,1.1166,9426.0,2016-08-02,1:48:57:0
EUR=,1.1166,1.1169,1.1166,9427.0,2016-08-02,1:49:0:0
EUR=,1.1166,1.1169,1.1166,9428.0,2016-08-02,1:49:1:0
EUR=,1.1166,1.117,1.1166,9429.0,2016-08-02,1:49:1:0
EUR=,1.1166,1.117,1.1166,9430.0,2016-08-02,1:49:3:0
EUR=,1.1166,1.117,1.1166,9431.0,2016-08-02,1:49:3:0
EUR=,1.1166,1.117,1.1166,9432.0,2016-08-02,1:49:4:0
EUR=,1.1166,1.117,1.1166,9433.0,2016-08-02,1:49:7:0
EUR=,1.1166,1.117,1.1166,9434.0,2016-08-02,1:49:10:0
EUR=,1.1166,1.1169,1.1166,9435.0,2016-08-02,1:49:12:0
EUR=,1.1166,1.1169,1.1166,9436.0,2016-08-02,1:49:13:0
EUR=,1.1166,1.117,1.1166,9437.0,2016-08-02,1:49:13:0
EUR=,1.1166,1.117,1.1166,9438.0,2016-08-02,1:49:15:0
EUR=,1.1166,1.117,1.1166,9439.0,2016-08-02,1:49:22:0
EUR=,1.1167,1.117,1.1167,9440.0,2016-08-02,1:49:24:0
EUR=,1.1166,1.117,1.1166,9441.0,2016-08-02,1:49:24:0
EUR=,1.1167,1.117,1.1167,9442.0,2016-08-02,1:49:24:0
EUR=,1.1165,1.1169,1.1165,9443.0,2016-08-02,1:49:30:0
EUR=,1.1165,1.1169,1.1165,9444.0,2016-08-02,1:49:32:0
EUR=,1.1166,1.1169,1.1166,9445.0,2016-08-02,1:49:41:0
EUR=,1.1166,1.117,1.1166,9446.0,2016-08-02,1:49:41:0
EUR=,1.1166,1.117,1.1166,9447.0,2016-08-02,1:49:42:0
EUR=,1.1166,1.1169,1.1166,9448.0,2016-08-02,1:49:44:0
EUR=,1.1166,1.117,1.1166,9449.0,2016-08-02,1:49:44:0
EUR=,1.1166,1.117,1.1166,9450.0,2016-08-02,1:49:50:0
EUR=,1.1166,1.117,1.1166,9451.0,2016-08-02,1:49:54:0
EUR=,1.1166,1.117,1.1166,9452.0,2016-08-02,1:49:54:0
EUR=,1.1166,1.117,1.1166,9453.0,2016-08-02,1:49:55:0
EUR=,1.1167,1.117,1.1167,9454.0,2016-08-02,1:49:56:0
EUR=,1.1166,1.117,1.1166,9455.0,2016-08-02,1:49:56:0
EUR=,1.1166,1.117,1.1166,9456.0,2016-08-02,1:49:57:0
EUR=,1.1166,1.117,1.1166,9457.0,2016-08-02,1:49:58:0
EUR=,1.1166,1.117,1.1166,9458.0,2016-08-02,1:50:0:0
EUR=,1.1166,1.117,1.1166,9459.0,2016-08-02,1:50:2:0
EUR=,1.1167,1.1169,1.1167,9460.0,2016-08-02,1:50:3:0
EUR=,1.1166,1.117,1.1166,9461.0,2016-08-02,1:50:4:0
EUR=,1.1166,1.117,1.1166,9462.0,2016-08-02,1:50:6:0
EUR=,1.1166,1.117,1.1166,9463.0,2016-08-02,1:50:6:0
EUR=,1.1166,1.117,1.1166,9464.0,2016-08-02,1:50:9:0
EUR=,1.1167,1.1171,1.1167,9465.0,2016-08-02,1:50:9:0
EUR=,1.1166,1.117,1.1166,9466.0,2016-08-02,1:50:10:0
EUR=,1.1166,1.117,1.1166,9467.0,2016-08-02,1:50:12:0
EUR=,1.1166,1.117,1.1166,9468.0,2016-08-02,1:50:13:0
EUR=,1.1166,1.117,1.1166,9469.0,2016-08-02,1:50:13:0
EUR=,1.1166,1.117,1.1166,9470.0,2016-08-02,1:50:15:0
EUR=,1.1166,1.117,1.1166,9471.0,2016-08-02,1:50:19:0
EUR=,1.1166,1.117,1.1166,9472.0,2016-08-02,1:50:21:0
EUR=,1.1166,1.117,1.1166,9473.0,2016-08-02,1:50:25:0
EUR=,1.1166,1.117,1.1166,9474.0,2016-08-02,1:50:26:0
EUR=,1.1167,1.1169,1.1167,9475.0,2016-08-02,1:50:30:0
EUR=,1.1167,1.1169,1.1167,9476.0,2016-08-02,1:50:30:0
EUR=,1.1166,1.117,1.1166,9477.0,2016-08-02,1:50:32:0
EUR=,1.1166,1.117,1.1166,9478.0,2016-08-02,1:50:32:0
EUR=,1.1166,1.117,1.1166,9479.0,2016-08-02,1:50:33:0
EUR=,1.1166,1.117,1.1166,9480.0,2016-08-02,1:50:34:0
EUR=,1.1166,1.117,1.1166,9481.0,2016-08-02,1:50:34:0
EUR=,1.1166,1.117,1.1166,9482.0,2016-08-02,1:50:34:0
EUR=,1.1166,1.117,1.1166,9483.0,2016-08-02,1:50:36:0
EUR=,1.1166,1.1169,1.1166,9484.0,2016-08-02,1:50:38:0
EUR=,1.1166,1.117,1.1166,9485.0,2016-08-02,1:50:39:0
EUR=,1.1164,1.1168,1.1164,9486.0,2016-08-02,1:50:40:0
EUR=,1.1166,1.117,1.1166,9487.0,2016-08-02,1:50:40:0
EUR=,1.1166,1.117,1.1166,9488.0,2016-08-02,1:50:40:0
EUR=,1.1165,1.1169,1.1165,9489.0,2016-08-02,1:50:41:0
EUR=,1.1165,1.1167,1.1165,9490.0,2016-08-02,1:50:41:0
EUR=,1.1165,1.1169,1.1165,9491.0,2016-08-02,1:50:41:0
EUR=,1.1165,1.1169,1.1165,9492.0,2016-08-02,1:50:42:0
EUR=,1.1166,1.117,1.1166,9493.0,2016-08-02,1:50:42:0
EUR=,1.1167,1.1169,1.1167,9494.0,2016-08-02,1:50:43:0
EUR=,1.1166,1.117,1.1166,9495.0,2016-08-02,1:50:48:0
EUR=,1.1166,1.117,1.1166,9496.0,2016-08-02,1:50:48:0
EUR=,1.1166,1.117,1.1166,9497.0,2016-08-02,1:50:49:0
EUR=,1.1166,1.117,1.1166,9498.0,2016-08-02,1:50:49:0
EUR=,1.1166,1.117,1.1166,9499.0,2016-08-02,1:50:51:0
EUR=,1.1167,1.1168,1.1167,9500.0,2016-08-02,1:50:52:0
EUR=,1.1165,1.1169,1.1165,9501.0,2016-08-02,1:50:53:0
EUR=,1.1167,1.1168,1.1167,9502.0,2016-08-02,1:50:53:0
EUR=,1.1165,1.1169,1.1165,9503.0,2016-08-02,1:50:54:0
EUR=,1.1165,1.1169,1.1165,9504.0,2016-08-02,1:50:56:0
EUR=,1.1165,1.1169,1.1165,9505.0,2016-08-02,1:50:57:0
EUR=,1.1165,1.1169,1.1165,9506.0,2016-08-02,1:50:58:0
EUR=,1.1167,1.1169,1.1167,9507.0,2016-08-02,1:51:0:0
EUR=,1.1165,1.1169,1.1165,9508.0,2016-08-02,1:51:1:0
EUR=,1.1165,1.1169,1.1165,9509.0,2016-08-02,1:51:2:0
EUR=,1.1165,1.1169,1.1165,9510.0,2016-08-02,1:51:2:0
EUR=,1.1165,1.1169,1.1165,9511.0,2016-08-02,1:51:3:0
EUR=,1.1165,1.1169,1.1165,9512.0,2016-08-02,1:51:4:0
EUR=,1.1165,1.1169,1.1165,9513.0,2016-08-02,1:51:8:0
EUR=,1.1165,1.1169,1.1165,9514.0,2016-08-02,1:51:11:0
EUR=,1.1165,1.1169,1.1165,9515.0,2016-08-02,1:51:19:0
EUR=,1.1166,1.1169,1.1166,9516.0,2016-08-02,1:51:30:0
EUR=,1.1165,1.1169,1.1165,9517.0,2016-08-02,1:51:31:0
EUR=,1.1166,1.1169,1.1166,9518.0,2016-08-02,1:51:32:0
EUR=,1.1165,1.1169,1.1165,9519.0,2016-08-02,1:51:32:0
EUR=,1.1165,1.1169,1.1165,9520.0,2016-08-02,1:51:34:0
EUR=,1.1166,1.117,1.1166,9521.0,2016-08-02,1:51:36:0
EUR=,1.1165,1.1169,1.1165,9522.0,2016-08-02,1:51:37:0
EUR=,1.1165,1.1169,1.1165,9523.0,2016-08-02,1:51:38:0
EUR=,1.1166,1.117,1.1166,9524.0,2016-08-02,1:51:39:0
EUR=,1.1166,1.1169,1.1166,9525.0,2016-08-02,1:51:40:0
EUR=,1.1166,1.117,1.1166,9526.0,2016-08-02,1:51:40:0
EUR=,1.1166,1.117,1.1166,9527.0,2016-08-02,1:51:40:0
EUR=,1.1166,1.117,1.1166,9528.0,2016-08-02,1:51:40:0
EUR=,1.1166,1.117,1.1166,9529.0,2016-08-02,1:51:41:0
EUR=,1.1165,1.1169,1.1165,9530.0,2016-08-02,1:51:42:0
EUR=,1.1165,1.1169,1.1165,9531.0,2016-08-02,1:51:45:0
EUR=,1.1165,1.1169,1.1165,9532.0,2016-08-02,1:51:46:0
EUR=,1.1165,1.1169,1.1165,9533.0,2016-08-02,1:51:46:0
EUR=,1.1165,1.1169,1.1165,9534.0,2016-08-02,1:51:47:0
EUR=,1.1165,1.1169,1.1165,9535.0,2016-08-02,1:51:52:0
EUR=,1.1165,1.1169,1.1165,9536.0,2016-08-02,1:51:54:0
EUR=,1.1165,1.1169,1.1165,9537.0,2016-08-02,1:51:55:0
EUR=,1.1167,1.1169,1.1167,9538.0,2016-08-02,1:52:0:0
EUR=,1.1167,1.1169,1.1167,9539.0,2016-08-02,1:52:0:0
EUR=,1.1165,1.1169,1.1165,9540.0,2016-08-02,1:52:0:0
EUR=,1.1166,1.1168,1.1166,9541.0,2016-08-02,1:52:0:0
EUR=,1.1166,1.1168,1.1166,9542.0,2016-08-02,1:52:2:0
EUR=,1.1167,1.1168,1.1167,9543.0,2016-08-02,1:52:3:0
EUR=,1.1165,1.1169,1.1165,9544.0,2016-08-02,1:52:4:0
EUR=,1.1167,1.1168,1.1167,9545.0,2016-08-02,1:52:5:0
EUR=,1.1165,1.1169,1.1165,9546.0,2016-08-02,1:52:6:0
EUR=,1.1165,1.1169,1.1165,9547.0,2016-08-02,1:52:9:0
EUR=,1.1165,1.1169,1.1165,9548.0,2016-08-02,1:52:9:0
EUR=,1.1165,1.1169,1.1165,9549.0,2016-08-02,1:52:9:0
EUR=,1.1165,1.1169,1.1165,9550.0,2016-08-02,1:52:11:0
EUR=,1.1165,1.1168,1.1165,9551.0,2016-08-02,1:52:11:0
EUR=,1.1165,1.1169,1.1165,9552.0,2016-08-02,1:52:12:0
EUR=,1.1163,1.1167,1.1163,9553.0,2016-08-02,1:52:12:0
EUR=,1.1164,1.1166,1.1164,9554.0,2016-08-02,1:52:13:0
EUR=,1.1164,1.1166,1.1164,9555.0,2016-08-02,1:52:17:0
EUR=,1.1164,1.1168,1.1164,9556.0,2016-08-02,1:52:17:0
EUR=,1.1165,1.1168,1.1165,9557.0,2016-08-02,1:52:18:0
EUR=,1.1165,1.1169,1.1165,9558.0,2016-08-02,1:52:18:0
EUR=,1.1165,1.1169,1.1165,9559.0,2016-08-02,1:52:20:0
EUR=,1.1165,1.1169,1.1165,9560.0,2016-08-02,1:52:20:0
EUR=,1.1165,1.1169,1.1165,9561.0,2016-08-02,1:52:20:0
EUR=,1.1166,1.1168,1.1166,9562.0,2016-08-02,1:52:21:0
EUR=,1.1166,1.1168,1.1166,9563.0,2016-08-02,1:52:22:0
EUR=,1.1165,1.1169,1.1165,9564.0,2016-08-02,1:52:22:0
EUR=,1.1165,1.1169,1.1165,9565.0,2016-08-02,1:52:26:0
EUR=,1.1165,1.1169,1.1165,9566.0,2016-08-02,1:52:26:0
EUR=,1.1165,1.1169,1.1165,9567.0,2016-08-02,1:52:27:0
EUR=,1.1165,1.1169,1.1165,9568.0,2016-08-02,1:52:29:0
EUR=,1.1166,1.1169,1.1166,9569.0,2016-08-02,1:52:30:0
EUR=,1.1165,1.1168,1.1165,9570.0,2016-08-02,1:52:30:0
EUR=,1.1165,1.1169,1.1165,9571.0,2016-08-02,1:52:32:0
EUR=,1.1165,1.1169,1.1165,9572.0,2016-08-02,1:52:32:0
EUR=,1.1165,1.1169,1.1165,9573.0,2016-08-02,1:52:34:0
EUR=,1.1165,1.1169,1.1165,9574.0,2016-08-02,1:52:34:0
EUR=,1.1165,1.1169,1.1165,9575.0,2016-08-02,1:52:35:0
EUR=,1.1165,1.1169,1.1165,9576.0,2016-08-02,1:52:40:0
EUR=,1.1165,1.1169,1.1165,9577.0,2016-08-02,1:52:42:0
EUR=,1.1165,1.1169,1.1165,9579.0,2016-08-02,1:52:43:0
EUR=,1.1165,1.1169,1.1165,9579.0,2016-08-02,1:52:43:0
EUR=,1.1165,1.1169,1.1165,9580.0,2016-08-02,1:52:49:0
EUR=,1.1165,1.1168,1.1165,9581.0,2016-08-02,1:52:50:0
EUR=,1.1165,1.1169,1.1165,9582.0,2016-08-02,1:52:51:0
EUR=,1.1165,1.1169,1.1165,9583.0,2016-08-02,1:52:53:0
EUR=,1.1165,1.1169,1.1165,9584.0,2016-08-02,1:52:57:0
EUR=,1.1165,1.1169,1.1165,9585.0,2016-08-02,1:52:58:0
EUR=,1.1165,1.1169,1.1165,9586.0,2016-08-02,1:52:59:0
EUR=,1.1166,1.1169,1.1166,9587.0,2016-08-02,1:53:2:0
EUR=,1.1165,1.1169,1.1165,9588.0,2016-08-02,1:53:3:0
EUR=,1.1166,1.1169,1.1166,9589.0,2016-08-02,1:53:3:0
EUR=,1.1165,1.1169,1.1165,9590.0,2016-08-02,1:53:4:0
EUR=,1.1165,1.1169,1.1165,9591.0,2016-08-02,1:53:9:0
EUR=,1.1165,1.1168,1.1165,9592.0,2016-08-02,1:53:12:0
EUR=,1.1165,1.1169,1.1165,9593.0,2016-08-02,1:53:13:0
EUR=,1.1165,1.1169,1.1165,9594.0,2016-08-02,1:53:13:0
EUR=,1.1165,1.1169,1.1165,9595.0,2016-08-02,1:53:14:0
EUR=,1.1165,1.1169,1.1165,9596.0,2016-08-02,1:53:15:0
EUR=,1.1165,1.1169,1.1165,9597.0,2016-08-02,1:53:16:0
EUR=,1.1165,1.1169,1.1165,9598.0,2016-08-02,1:53:16:0
EUR=,1.1165,1.1169,1.1165,9599.0,2016-08-02,1:53:19:0
EUR=,1.1165,1.1169,1.1165,9600.0,2016-08-02,1:53:23:0
EUR=,1.1164,1.1168,1.1164,9601.0,2016-08-02,1:53:24:0
EUR=,1.1165,1.1169,1.1165,9602.0,2016-08-02,1:53:25:0
EUR=,1.1165,1.1169,1.1165,9603.0,2016-08-02,1:53:26:0
EUR=,1.1165,1.1169,1.1165,9604.0,2016-08-02,1:53:26:0
EUR=,1.1165,1.1169,1.1165,9605.0,2016-08-02,1:53:37:0
EUR=,1.1165,1.1169,1.1165,9606.0,2016-08-02,1:53:40:0
EUR=,1.1165,1.1169,1.1165,9607.0,2016-08-02,1:53:41:0
EUR=,1.1165,1.1169,1.1165,9608.0,2016-08-02,1:53:53:0
EUR=,1.1165,1.1169,1.1165,9609.0,2016-08-02,1:53:54:0
EUR=,1.1165,1.1169,1.1165,9610.0,2016-08-02,1:53:55:0
EUR=,1.1165,1.1169,1.1165,9611.0,2016-08-02,1:53:56:0
EUR=,1.1165,1.1169,1.1165,9612.0,2016-08-02,1:53:56:0
EUR=,1.1164,1.1168,1.1164,9613.0,2016-08-02,1:53:58:0
EUR=,1.1164,1.1168,1.1164,9614.0,2016-08-02,1:53:59:0
EUR=,1.1164,1.1168,1.1164,9615.0,2016-08-02,1:53:59:0
EUR=,1.1164,1.1168,1.1164,9616.0,2016-08-02,1:53:59:0
EUR=,1.1164,1.1168,1.1164,9617.0,2016-08-02,1:54:0:0
EUR=,1.1166,1.1168,1.1166,9618.0,2016-08-02,1:54:0:0
EUR=,1.1165,1.1169,1.1165,9619.0,2016-08-02,1:54:0:0
EUR=,1.1164,1.1168,1.1164,9620.0,2016-08-02,1:54:1:0
EUR=,1.1164,1.1168,1.1164,9621.0,2016-08-02,1:54:3:0
EUR=,1.1164,1.1168,1.1164,9622.0,2016-08-02,1:54:4:0
EUR=,1.1164,1.1168,1.1164,9623.0,2016-08-02,1:54:5:0
EUR=,1.1164,1.1168,1.1164,9624.0,2016-08-02,1:54:5:0
EUR=,1.1164,1.1168,1.1164,9625.0,2016-08-02,1:54:6:0
EUR=,1.1164,1.1168,1.1164,9626.0,2016-08-02,1:54:8:0
EUR=,1.1164,1.1168,1.1164,9627.0,2016-08-02,1:54:8:0
EUR=,1.1164,1.1168,1.1164,9628.0,2016-08-02,1:54:8:0
EUR=,1.1164,1.1168,1.1164,9629.0,2016-08-02,1:54:9:0
EUR=,1.1165,1.1169,1.1165,9630.0,2016-08-02,1:54:10:0
EUR=,1.1165,1.1169,1.1165,9631.0,2016-08-02,1:54:10:0
EUR=,1.1164,1.1168,1.1164,9632.0,2016-08-02,1:54:12:0
EUR=,1.1164,1.1168,1.1164,9633.0,2016-08-02,1:54:13:0
EUR=,1.1164,1.1168,1.1164,9634.0,2016-08-02,1:54:14:0
EUR=,1.1164,1.1168,1.1164,9635.0,2016-08-02,1:54:15:0
EUR=,1.1164,1.1168,1.1164,9636.0,2016-08-02,1:54:15:0
EUR=,1.1164,1.1168,1.1164,9637.0,2016-08-02,1:54:17:0
EUR=,1.1166,1.1167,1.1166,9638.0,2016-08-02,1:54:17:0
EUR=,1.1164,1.1168,1.1164,9639.0,2016-08-02,1:54:19:0
EUR=,1.1164,1.1168,1.1164,9640.0,2016-08-02,1:54:20:0
EUR=,1.1164,1.1168,1.1164,9641.0,2016-08-02,1:54:21:0
EUR=,1.1163,1.1167,1.1163,9642.0,2016-08-02,1:54:22:0
EUR=,1.1164,1.1166,1.1164,9643.0,2016-08-02,1:54:23:0
EUR=,1.1164,1.1168,1.1164,9644.0,2016-08-02,1:54:23:0
EUR=,1.1164,1.1168,1.1164,9645.0,2016-08-02,1:54:24:0
EUR=,1.1164,1.1166,1.1164,9646.0,2016-08-02,1:54:24:0
EUR=,1.1164,1.1168,1.1164,9647.0,2016-08-02,1:54:24:0
EUR=,1.1165,1.1167,1.1165,9648.0,2016-08-02,1:54:25:0
EUR=,1.1164,1.1168,1.1164,9649.0,2016-08-02,1:54:25:0
EUR=,1.1164,1.1168,1.1164,9650.0,2016-08-02,1:54:26:0
EUR=,1.1164,1.1166,1.1164,9651.0,2016-08-02,1:54:28:0
EUR=,1.1164,1.1168,1.1164,9652.0,2016-08-02,1:54:28:0
EUR=,1.1163,1.1167,1.1163,9653.0,2016-08-02,1:54:28:0
EUR=,1.1163,1.1167,1.1163,9654.0,2016-08-02,1:54:28:0
EUR=,1.1164,1.1168,1.1164,9655.0,2016-08-02,1:54:29:0
EUR=,1.1163,1.1167,1.1163,9656.0,2016-08-02,1:54:29:0
EUR=,1.1165,1.1168,1.1165,9657.0,2016-08-02,1:54:30:0
EUR=,1.1163,1.1167,1.1163,9658.0,2016-08-02,1:54:30:0
EUR=,1.1165,1.1167,1.1165,9659.0,2016-08-02,1:54:31:0
EUR=,1.1163,1.1167,1.1163,9660.0,2016-08-02,1:54:31:0
EUR=,1.1164,1.1168,1.1164,9661.0,2016-08-02,1:54:32:0
EUR=,1.1164,1.1168,1.1164,9662.0,2016-08-02,1:54:33:0
EUR=,1.1164,1.1168,1.1164,9663.0,2016-08-02,1:54:34:0
EUR=,1.1164,1.1168,1.1164,9664.0,2016-08-02,1:54:35:0
EUR=,1.1164,1.1168,1.1164,9665.0,2016-08-02,1:54:37:0
EUR=,1.1164,1.1168,1.1164,9666.0,2016-08-02,1:54:38:0
EUR=,1.1164,1.1168,1.1164,9667.0,2016-08-02,1:54:39:0
EUR=,1.1164,1.1168,1.1164,9668.0,2016-08-02,1:54:40:0
EUR=,1.1164,1.1168,1.1164,9669.0,2016-08-02,1:54:41:0
EUR=,1.1164,1.1168,1.1164,9670.0,2016-08-02,1:54:42:0
EUR=,1.1163,1.1167,1.1163,9671.0,2016-08-02,1:54:43:0
EUR=,1.1163,1.1167,1.1163,9672.0,2016-08-02,1:54:43:0
EUR=,1.1164,1.1168,1.1164,9673.0,2016-08-02,1:54:46:0
EUR=,1.1164,1.1168,1.1164,9674.0,2016-08-02,1:54:47:0
EUR=,1.1163,1.1167,1.1163,9675.0,2016-08-02,1:54:47:0
EUR=,1.1164,1.1167,1.1164,9676.0,2016-08-02,1:54:48:0
EUR=,1.1163,1.1167,1.1163,9677.0,2016-08-02,1:54:49:0
EUR=,1.1163,1.1167,1.1163,9678.0,2016-08-02,1:54:51:0
EUR=,1.1164,1.1168,1.1164,9679.0,2016-08-02,1:54:51:0
EUR=,1.1164,1.1168,1.1164,9680.0,2016-08-02,1:54:53:0
EUR=,1.1164,1.1168,1.1164,9681.0,2016-08-02,1:54:53:0
EUR=,1.1164,1.1168,1.1164,9682.0,2016-08-02,1:54:54:0
EUR=,1.1164,1.1168,1.1164,9683.0,2016-08-02,1:54:55:0
EUR=,1.1164,1.1167,1.1164,9684.0,2016-08-02,1:54:56:0
EUR=,1.1164,1.1167,1.1164,9685.0,2016-08-02,1:54:57:0
EUR=,1.1164,1.1168,1.1164,9686.0,2016-08-02,1:54:59:0
EUR=,1.1164,1.1168,1.1164,9687.0,2016-08-02,1:55:0:0
EUR=,1.1164,1.1168,1.1164,9688.0,2016-08-02,1:55:1:0
EUR=,1.1165,1.1166,1.1165,9689.0,2016-08-02,1:55:1:0
EUR=,1.1164,1.1168,1.1164,9690.0,2016-08-02,1:55:3:0
EUR=,1.1165,1.1166,1.1165,9691.0,2016-08-02,1:55:4:0
EUR=,1.1164,1.1168,1.1164,9692.0,2016-08-02,1:55:4:0
EUR=,1.1164,1.1168,1.1164,9693.0,2016-08-02,1:55:9:0
EUR=,1.1164,1.1168,1.1164,9694.0,2016-08-02,1:55:11:0
EUR=,1.1164,1.1168,1.1164,9695.0,2016-08-02,1:55:12:0
EUR=,1.1164,1.1168,1.1164,9696.0,2016-08-02,1:55:17:0
EUR=,1.1163,1.1167,1.1163,9697.0,2016-08-02,1:55:27:0
EUR=,1.1163,1.1167,1.1163,9698.0,2016-08-02,1:55:28:0
EUR=,1.1163,1.1167,1.1163,9699.0,2016-08-02,1:55:28:0
EUR=,1.1163,1.1167,1.1163,9700.0,2016-08-02,1:55:28:0
EUR=,1.1163,1.1167,1.1163,9701.0,2016-08-02,1:55:28:0
EUR=,1.1163,1.1167,1.1163,9702.0,2016-08-02,1:55:29:0
EUR=,1.1163,1.1167,1.1163,9703.0,2016-08-02,1:55:29:0
EUR=,1.1163,1.1167,1.1163,9704.0,2016-08-02,1:55:31:0
EUR=,1.1165,1.1166,1.1165,9705.0,2016-08-02,1:55:33:0
EUR=,1.1164,1.1168,1.1164,9706.0,2016-08-02,1:55:34:0
EUR=,1.1165,1.1167,1.1165,9707.0,2016-08-02,1:55:37:0
EUR=,1.1165,1.1167,1.1165,9708.0,2016-08-02,1:55:40:0
EUR=,1.1164,1.1168,1.1164,9709.0,2016-08-02,1:55:41:0
EUR=,1.1164,1.1168,1.1164,9710.0,2016-08-02,1:55:42:0
EUR=,1.1163,1.1166,1.1163,9711.0,2016-08-02,1:55:42:0
EUR=,1.1164,1.1168,1.1164,9712.0,2016-08-02,1:55:42:0
EUR=,1.1164,1.1168,1.1164,9713.0,2016-08-02,1:55:43:0
EUR=,1.1163,1.1167,1.1163,9714.0,2016-08-02,1:55:44:0
EUR=,1.1164,1.1168,1.1164,9715.0,2016-08-02,1:55:45:0
EUR=,1.1163,1.1167,1.1163,9716.0,2016-08-02,1:55:45:0
EUR=,1.1163,1.1167,1.1163,9717.0,2016-08-02,1:55:46:0
EUR=,1.1163,1.1167,1.1163,9718.0,2016-08-02,1:55:49:0
EUR=,1.1163,1.1167,1.1163,9719.0,2016-08-02,1:55:54:0
EUR=,1.1163,1.1167,1.1163,9720.0,2016-08-02,1:55:57:0
EUR=,1.1164,1.1168,1.1164,9721.0,2016-08-02,1:55:58:0
EUR=,1.1164,1.1168,1.1164,9722.0,2016-08-02,1:55:59:0
EUR=,1.1164,1.1168,1.1164,9723.0,2016-08-02,1:55:59:0
EUR=,1.1164,1.1168,1.1164,9724.0,2016-08-02,1:55:59:0
EUR=,1.1164,1.1167,1.1164,9725.0,2016-08-02,1:56:0:0
EUR=,1.1164,1.1166,1.1164,9726.0,2016-08-02,1:56:0:0
EUR=,1.1165,1.1166,1.1165,9727.0,2016-08-02,1:56:1:0
EUR=,1.1164,1.1166,1.1164,9728.0,2016-08-02,1:56:1:0
EUR=,1.1165,1.1166,1.1165,9729.0,2016-08-02,1:56:3:0
EUR=,1.1165,1.1166,1.1165,9730.0,2016-08-02,1:56:6:0
EUR=,1.1163,1.1167,1.1163,9731.0,2016-08-02,1:56:6:0
EUR=,1.1163,1.1167,1.1163,9732.0,2016-08-02,1:56:7:0
EUR=,1.1163,1.1167,1.1163,9733.0,2016-08-02,1:56:7:0
EUR=,1.1163,1.1167,1.1163,9734.0,2016-08-02,1:56:7:0
EUR=,1.1163,1.1167,1.1163,9735.0,2016-08-02,1:56:12:0
EUR=,1.1162,1.1166,1.1162,9736.0,2016-08-02,1:56:12:0
EUR=,1.1163,1.1167,1.1163,9737.0,2016-08-02,1:56:13:0
EUR=,1.1163,1.1167,1.1163,9738.0,2016-08-02,1:56:13:0
EUR=,1.1162,1.1166,1.1162,9739.0,2016-08-02,1:56:14:0
EUR=,1.1163,1.1167,1.1163,9740.0,2016-08-02,1:56:16:0
EUR=,1.1163,1.1166,1.1163,9741.0,2016-08-02,1:56:16:0
EUR=,1.1163,1.1166,1.1163,9742.0,2016-08-02,1:56:19:0
EUR=,1.1161,1.1165,1.1161,9743.0,2016-08-02,1:56:24:0
EUR=,1.1163,1.1167,1.1163,9744.0,2016-08-02,1:56:27:0
EUR=,1.1161,1.1165,1.1161,9745.0,2016-08-02,1:56:27:0
EUR=,1.1162,1.1164,1.1162,9746.0,2016-08-02,1:56:27:0
EUR=,1.1162,1.1164,1.1162,9747.0,2016-08-02,1:56:29:0
EUR=,1.1162,1.1166,1.1162,9748.0,2016-08-02,1:56:29:0
EUR=,1.1162,1.1166,1.1162,9749.0,2016-08-02,1:56:30:0
EUR=,1.1162,1.1166,1.1162,9750.0,2016-08-02,1:56:31:0
EUR=,1.1162,1.1166,1.1162,9751.0,2016-08-02,1:56:32:0
EUR=,1.1162,1.1166,1.1162,9752.0,2016-08-02,1:56:37:0
EUR=,1.1162,1.1166,1.1162,9753.0,2016-08-02,1:56:39:0
EUR=,1.1162,1.1166,1.1162,9754.0,2016-08-02,1:56:40:0
EUR=,1.1162,1.1166,1.1162,9755.0,2016-08-02,1:56:43:0
EUR=,1.1162,1.1166,1.1162,9756.0,2016-08-02,1:56:43:0
EUR=,1.1162,1.1166,1.1162,9757.0,2016-08-02,1:56:44:0
EUR=,1.1163,1.1165,1.1163,9758.0,2016-08-02,1:56:45:0
EUR=,1.1163,1.1165,1.1163,9759.0,2016-08-02,1:56:47:0
EUR=,1.1162,1.1165,1.1162,9760.0,2016-08-02,1:56:47:0
EUR=,1.1162,1.1165,1.1162,9761.0,2016-08-02,1:56:49:0
EUR=,1.116,1.1164,1.116,9762.0,2016-08-02,1:56:56:0
EUR=,1.116,1.1164,1.116,9763.0,2016-08-02,1:56:57:0
EUR=,1.1162,1.1166,1.1162,9764.0,2016-08-02,1:56:59:0
EUR=,1.1162,1.1165,1.1162,9765.0,2016-08-02,1:57:0:0
EUR=,1.1162,1.1166,1.1162,9766.0,2016-08-02,1:57:0:0
EUR=,1.1162,1.1166,1.1162,9767.0,2016-08-02,1:57:0:0
EUR=,1.1162,1.1165,1.1162,9768.0,2016-08-02,1:57:1:0
EUR=,1.1163,1.1164,1.1163,9769.0,2016-08-02,1:57:1:0
EUR=,1.1163,1.1164,1.1163,9770.0,2016-08-02,1:57:4:0
EUR=,1.1162,1.1166,1.1162,9771.0,2016-08-02,1:57:5:0
EUR=,1.1162,1.1166,1.1162,9772.0,2016-08-02,1:57:6:0
EUR=,1.1162,1.1166,1.1162,9773.0,2016-08-02,1:57:7:0
EUR=,1.1162,1.1166,1.1162,9774.0,2016-08-02,1:57:10:0
EUR=,1.1162,1.1166,1.1162,9775.0,2016-08-02,1:57:10:0
EUR=,1.1163,1.1166,1.1163,9776.0,2016-08-02,1:57:22:0
EUR=,1.1163,1.1167,1.1163,9777.0,2016-08-02,1:57:22:0
EUR=,1.1164,1.1166,1.1164,9778.0,2016-08-02,1:57:23:0
EUR=,1.1163,1.1167,1.1163,9779.0,2016-08-02,1:57:23:0
EUR=,1.1163,1.1167,1.1163,9780.0,2016-08-02,1:57:23:0
EUR=,1.1163,1.1167,1.1163,9781.0,2016-08-02,1:57:23:0
EUR=,1.1163,1.1167,1.1163,9782.0,2016-08-02,1:57:24:0
EUR=,1.1162,1.1166,1.1162,9783.0,2016-08-02,1:57:24:0
EUR=,1.1163,1.1167,1.1163,9784.0,2016-08-02,1:57:24:0
EUR=,1.1162,1.1166,1.1162,9785.0,2016-08-02,1:57:26:0
EUR=,1.1162,1.1166,1.1162,9786.0,2016-08-02,1:57:27:0
EUR=,1.1164,1.1165,1.1164,9787.0,2016-08-02,1:57:27:0
EUR=,1.1163,1.1167,1.1163,9788.0,2016-08-02,1:57:28:0
EUR=,1.1163,1.1166,1.1163,9789.0,2016-08-02,1:57:30:0
EUR=,1.1163,1.1167,1.1163,9790.0,2016-08-02,1:57:30:0
EUR=,1.1163,1.1166,1.1163,9791.0,2016-08-02,1:57:32:0
EUR=,1.1163,1.1167,1.1163,9792.0,2016-08-02,1:57:32:0
EUR=,1.1161,1.1165,1.1161,9793.0,2016-08-02,1:57:32:0
EUR=,1.1163,1.1167,1.1163,9794.0,2016-08-02,1:57:33:0
EUR=,1.1163,1.1167,1.1163,9795.0,2016-08-02,1:57:33:0
EUR=,1.1164,1.1166,1.1164,9796.0,2016-08-02,1:57:33:0
EUR=,1.1164,1.1166,1.1164,9797.0,2016-08-02,1:57:35:0
EUR=,1.1162,1.1165,1.1162,9798.0,2016-08-02,1:57:43:0
EUR=,1.1162,1.1165,1.1162,9799.0,2016-08-02,1:57:46:0
EUR=,1.1163,1.1167,1.1163,9800.0,2016-08-02,1:57:48:0
EUR=,1.1162,1.1166,1.1162,9801.0,2016-08-02,1:57:49:0
EUR=,1.1163,1.1167,1.1163,9802.0,2016-08-02,1:57:50:0
EUR=,1.1162,1.1166,1.1162,9803.0,2016-08-02,1:57:53:0
EUR=,1.1162,1.1166,1.1162,9804.0,2016-08-02,1:57:53:0
EUR=,1.1162,1.1166,1.1162,9805.0,2016-08-02,1:57:54:0
EUR=,1.1164,1.1165,1.1164,9806.0,2016-08-02,1:58:0:0
EUR=,1.1163,1.1167,1.1163,9807.0,2016-08-02,1:58:0:0
EUR=,1.1164,1.1165,1.1164,9808.0,2016-08-02,1:58:1:0
EUR=,1.1164,1.1165,1.1164,9809.0,2016-08-02,1:58:1:0
EUR=,1.1163,1.1167,1.1163,9810.0,2016-08-02,1:58:1:0
EUR=,1.1163,1.1167,1.1163,9811.0,2016-08-02,1:58:2:0
EUR=,1.1163,1.1167,1.1163,9812.0,2016-08-02,1:58:2:0
EUR=,1.1164,1.1166,1.1164,9813.0,2016-08-02,1:58:3:0
EUR=,1.1164,1.1166,1.1164,9814.0,2016-08-02,1:58:5:0
EUR=,1.1163,1.1167,1.1163,9815.0,2016-08-02,1:58:5:0
EUR=,1.1164,1.1167,1.1164,9816.0,2016-08-02,1:58:6:0
EUR=,1.1164,1.1165,1.1164,9817.0,2016-08-02,1:58:7:0
EUR=,1.1162,1.1166,1.1162,9818.0,2016-08-02,1:58:7:0
EUR=,1.1163,1.1167,1.1163,9819.0,2016-08-02,1:58:8:0
EUR=,1.1163,1.1167,1.1163,9820.0,2016-08-02,1:58:11:0
EUR=,1.1163,1.1167,1.1163,9821.0,2016-08-02,1:58:12:0
EUR=,1.1163,1.1167,1.1163,9822.0,2016-08-02,1:58:13:0
EUR=,1.1163,1.1167,1.1163,9823.0,2016-08-02,1:58:14:0
EUR=,1.1163,1.1167,1.1163,9824.0,2016-08-02,1:58:15:0
EUR=,1.1163,1.1167,1.1163,9825.0,2016-08-02,1:58:23:0
EUR=,1.1163,1.1167,1.1163,9826.0,2016-08-02,1:58:23:0
EUR=,1.1164,1.1168,1.1164,9827.0,2016-08-02,1:58:23:0
EUR=,1.1164,1.1167,1.1164,9828.0,2016-08-02,1:58:24:0
EUR=,1.1164,1.1168,1.1164,9829.0,2016-08-02,1:58:24:0
EUR=,1.1164,1.1168,1.1164,9830.0,2016-08-02,1:58:24:0
EUR=,1.1164,1.1168,1.1164,9831.0,2016-08-02,1:58:24:0
EUR=,1.1165,1.1167,1.1165,9832.0,2016-08-02,1:58:24:0
EUR=,1.1165,1.1167,1.1165,9833.0,2016-08-02,1:58:25:0
EUR=,1.1165,1.1167,1.1165,9834.0,2016-08-02,1:58:28:0
EUR=,1.1164,1.1167,1.1164,9835.0,2016-08-02,1:58:30:0
EUR=,1.1163,1.1167,1.1163,9836.0,2016-08-02,1:58:30:0
EUR=,1.1163,1.1167,1.1163,9837.0,2016-08-02,1:58:30:0
EUR=,1.1163,1.1167,1.1163,9838.0,2016-08-02,1:58:30:0
EUR=,1.1164,1.1166,1.1164,9839.0,2016-08-02,1:58:31:0
EUR=,1.1163,1.1167,1.1163,9840.0,2016-08-02,1:58:32:0
EUR=,1.1163,1.1167,1.1163,9841.0,2016-08-02,1:58:32:0
EUR=,1.1163,1.1167,1.1163,9842.0,2016-08-02,1:58:34:0
EUR=,1.1163,1.1167,1.1163,9843.0,2016-08-02,1:58:36:0
EUR=,1.1163,1.1167,1.1163,9844.0,2016-08-02,1:58:38:0
EUR=,1.1163,1.1166,1.1163,9845.0,2016-08-02,1:58:50:0
EUR=,1.1163,1.1167,1.1163,9846.0,2016-08-02,1:58:50:0
EUR=,1.1163,1.1166,1.1163,9847.0,2016-08-02,1:58:51:0
EUR=,1.1164,1.1166,1.1164,9848.0,2016-08-02,1:58:51:0
EUR=,1.1163,1.1167,1.1163,9849.0,2016-08-02,1:58:51:0
EUR=,1.1163,1.1167,1.1163,9850.0,2016-08-02,1:58:52:0
EUR=,1.1163,1.1167,1.1163,9851.0,2016-08-02,1:58:53:0
EUR=,1.1163,1.1167,1.1163,9852.0,2016-08-02,1:58:53:0
EUR=,1.1163,1.1167,1.1163,9853.0,2016-08-02,1:58:54:0
EUR=,1.1163,1.1167,1.1163,9854.0,2016-08-02,1:58:54:0
EUR=,1.1163,1.1167,1.1163,9855.0,2016-08-02,1:59:0:0
EUR=,1.1163,1.1166,1.1163,9856.0,2016-08-02,1:59:0:0
EUR=,1.1163,1.1166,1.1163,9857.0,2016-08-02,1:59:1:0
EUR=,1.1164,1.1165,1.1164,9858.0,2016-08-02,1:59:1:0
EUR=,1.1161,1.1165,1.1161,9859.0,2016-08-02,1:59:2:0
EUR=,1.1163,1.1167,1.1163,9860.0,2016-08-02,1:59:3:0
EUR=,1.1162,1.1164,1.1162,9861.0,2016-08-02,1:59:3:0
EUR=,1.1162,1.1166,1.1162,9862.0,2016-08-02,1:59:3:0
EUR=,1.1163,1.1167,1.1163,9863.0,2016-08-02,1:59:4:0
EUR=,1.1164,1.1166,1.1164,9864.0,2016-08-02,1:59:5:0
EUR=,1.1164,1.1166,1.1164,9865.0,2016-08-02,1:59:10:0
EUR=,1.1162,1.1166,1.1162,9866.0,2016-08-02,1:59:10:0
EUR=,1.1162,1.1166,1.1162,9867.0,2016-08-02,1:59:10:0
EUR=,1.1162,1.1166,1.1162,9868.0,2016-08-02,1:59:11:0
EUR=,1.1162,1.1166,1.1162,9869.0,2016-08-02,1:59:15:0
EUR=,1.1162,1.1166,1.1162,9870.0,2016-08-02,1:59:23:0
EUR=,1.1162,1.1166,1.1162,9871.0,2016-08-02,1:59:24:0
EUR=,1.1163,1.1167,1.1163,9872.0,2016-08-02,1:59:36:0
EUR=,1.1163,1.1167,1.1163,9873.0,2016-08-02,1:59:38:0
EUR=,1.1163,1.1167,1.1163,9874.0,2016-08-02,1:59:39:0
EUR=,1.1163,1.1167,1.1163,9875.0,2016-08-02,1:59:39:0
EUR=,1.1163,1.1167,1.1163,9876.0,2016-08-02,1:59:46:0
EUR=,1.1163,1.1167,1.1163,9877.0,2016-08-02,1:59:53:0
EUR=,1.1164,1.1165,1.1164,9878.0,2016-08-02,2:0:1:0
EUR=,1.1164,1.1165,1.1164,9879.0,2016-08-02,2:0:3:0
EUR=,1.1163,1.1167,1.1163,9880.0,2016-08-02,2:0:4:0
EUR=,1.1163,1.1167,1.1163,9881.0,2016-08-02,2:0:8:0
EUR=,1.1163,1.1167,1.1163,9882.0,2016-08-02,2:0:8:0
EUR=,1.1162,1.1166,1.1162,9883.0,2016-08-02,2:0:10:0
EUR=,1.1162,1.1166,1.1162,9884.0,2016-08-02,2:0:11:0
EUR=,1.1162,1.1166,1.1162,9885.0,2016-08-02,2:0:13:0
EUR=,1.1164,1.1166,1.1164,9886.0,2016-08-02,2:0:13:0
EUR=,1.1164,1.1166,1.1164,9887.0,2016-08-02,2:0:18:0
EUR=,1.1162,1.1166,1.1162,9888.0,2016-08-02,2:0:18:0
EUR=,1.1163,1.1167,1.1163,9889.0,2016-08-02,2:0:19:0
EUR=,1.1162,1.1166,1.1162,9890.0,2016-08-02,2:0:19:0
EUR=,1.1163,1.1167,1.1163,9891.0,2016-08-02,2:0:20:0
EUR=,1.1163,1.1167,1.1163,9892.0,2016-08-02,2:0:21:0
EUR=,1.1163,1.1167,1.1163,9893.0,2016-08-02,2:0:22:0
EUR=,1.1163,1.1167,1.1163,9894.0,2016-08-02,2:0:23:0
EUR=,1.1162,1.1166,1.1162,9895.0,2016-08-02,2:0:23:0
EUR=,1.1163,1.1167,1.1163,9896.0,2016-08-02,2:0:24:0
EUR=,1.1163,1.1167,1.1163,9897.0,2016-08-02,2:0:25:0
EUR=,1.1162,1.1166,1.1162,9899.0,2016-08-02,2:0:26:0
EUR=,1.1162,1.1166,1.1162,9899.0,2016-08-02,2:0:26:0
EUR=,1.1162,1.1166,1.1162,9900.0,2016-08-02,2:0:27:0
EUR=,1.1162,1.1166,1.1162,9901.0,2016-08-02,2:0:28:0
EUR=,1.1162,1.1166,1.1162,9902.0,2016-08-02,2:0:29:0
EUR=,1.1162,1.1166,1.1162,9903.0,2016-08-02,2:0:32:0
EUR=,1.1162,1.1166,1.1162,9904.0,2016-08-02,2:0:38:0
EUR=,1.1162,1.1166,1.1162,9905.0,2016-08-02,2:0:41:0
EUR=,1.1162,1.1166,1.1162,9906.0,2016-08-02,2:0:42:0
EUR=,1.1162,1.1166,1.1162,9907.0,2016-08-02,2:0:44:0
EUR=,1.1162,1.1166,1.1162,9908.0,2016-08-02,2:0:53:0
EUR=,1.1164,1.1165,1.1164,9909.0,2016-08-02,2:1:1:0
EUR=,1.1164,1.1165,1.1164,9910.0,2016-08-02,2:1:1:0
EUR=,1.1164,1.1165,1.1164,9911.0,2016-08-02,2:1:2:0
EUR=,1.1162,1.1166,1.1162,9912.0,2016-08-02,2:1:6:0
EUR=,1.1162,1.1166,1.1162,9913.0,2016-08-02,2:1:11:0
EUR=,1.1162,1.1166,1.1162,9914.0,2016-08-02,2:1:11:0
EUR=,1.1162,1.1166,1.1162,9915.0,2016-08-02,2:1:21:0
EUR=,1.1162,1.1166,1.1162,9916.0,2016-08-02,2:1:56:0
EUR=,1.1162,1.1166,1.1162,9917.0,2016-08-02,2:1:56:0
EUR=,1.1162,1.1166,1.1162,9918.0,2016-08-02,2:2:0:0
EUR=,1.1163,1.1165,1.1163,9919.0,2016-08-02,2:2:1:0
EUR=,1.1164,1.1165,1.1164,9920.0,2016-08-02,2:2:4:0
EUR=,1.1162,1.1166,1.1162,9921.0,2016-08-02,2:2:5:0
EUR=,1.1162,1.1166,1.1162,9922.0,2016-08-02,2:2:8:0
EUR=,1.1164,1.1165,1.1164,9923.0,2016-08-02,2:2:12:0
EUR=,1.1162,1.1164,1.1162,9924.0,2016-08-02,2:2:23:0
EUR=,1.1162,1.1166,1.1162,9925.0,2016-08-02,2:2:33:0
EUR=,1.116,1.1163,1.116,9926.0,2016-08-02,2:2:33:0
EUR=,1.1163,1.1166,1.1163,9927.0,2016-08-02,2:2:35:0
EUR=,1.1163,1.1167,1.1163,9928.0,2016-08-02,2:2:36:0
EUR=,1.1162,1.1166,1.1162,9929.0,2016-08-02,2:2:36:0
EUR=,1.1163,1.1167,1.1163,9930.0,2016-08-02,2:2:37:0
EUR=,1.1162,1.1166,1.1162,9931.0,2016-08-02,2:2:38:0
EUR=,1.1163,1.1167,1.1163,9932.0,2016-08-02,2:2:39:0
EUR=,1.1162,1.1166,1.1162,9933.0,2016-08-02,2:2:45:0
EUR=,1.1162,1.1166,1.1162,9934.0,2016-08-02,2:2:46:0
EUR=,1.1162,1.1166,1.1162,9935.0,2016-08-02,2:2:47:0
EUR=,1.1162,1.1166,1.1162,9936.0,2016-08-02,2:2:47:0
EUR=,1.1162,1.1166,1.1162,9937.0,2016-08-02,2:2:48:0
EUR=,1.1162,1.1166,1.1162,9938.0,2016-08-02,2:2:49:0
EUR=,1.1162,1.1166,1.1162,9939.0,2016-08-02,2:2:50:0
EUR=,1.1162,1.1166,1.1162,9940.0,2016-08-02,2:2:51:0
EUR=,1.1162,1.1166,1.1162,9941.0,2016-08-02,2:2:51:0
EUR=,1.1162,1.1166,1.1162,9942.0,2016-08-02,2:2:52:0
EUR=,1.1162,1.1166,1.1162,9943.0,2016-08-02,2:2:54:0
EUR=,1.1162,1.1166,1.1162,9944.0,2016-08-02,2:2:56:0
EUR=,1.1162,1.1166,1.1162,9945.0,2016-08-02,2:2:58:0
EUR=,1.1162,1.1165,1.1162,9946.0,2016-08-02,2:2:59:0
EUR=,1.1162,1.1166,1.1162,9947.0,2016-08-02,2:3:0:0
EUR=,1.1163,1.1165,1.1163,9948.0,2016-08-02,2:3:0:0
EUR=,1.1163,1.1164,1.1163,9949.0,2016-08-02,2:3:1:0
EUR=,1.1162,1.1166,1.1162,9950.0,2016-08-02,2:3:5:0
EUR=,1.1162,1.1166,1.1162,9951.0,2016-08-02,2:3:6:0
EUR=,1.1162,1.1166,1.1162,9952.0,2016-08-02,2:3:6:0
EUR=,1.1162,1.1166,1.1162,9953.0,2016-08-02,2:3:9:0
EUR=,1.1163,1.1165,1.1163,9954.0,2016-08-02,2:3:10:0
EUR=,1.1162,1.1166,1.1162,9955.0,2016-08-02,2:3:11:0
EUR=,1.1162,1.1166,1.1162,9956.0,2016-08-02,2:3:12:0
EUR=,1.1162,1.1166,1.1162,9957.0,2016-08-02,2:3:13:0
EUR=,1.1162,1.1166,1.1162,9958.0,2016-08-02,2:3:18:0
EUR=,1.1162,1.1166,1.1162,9959.0,2016-08-02,2:3:19:0
EUR=,1.1162,1.1166,1.1162,9960.0,2016-08-02,2:3:21:0
EUR=,1.1162,1.1166,1.1162,9961.0,2016-08-02,2:3:22:0
EUR=,1.1162,1.1166,1.1162,9962.0,2016-08-02,2:3:23:0
EUR=,1.1162,1.1166,1.1162,9963.0,2016-08-02,2:3:23:0
EUR=,1.1162,1.1166,1.1162,9964.0,2016-08-02,2:3:24:0
EUR=,1.1162,1.1166,1.1162,9965.0,2016-08-02,2:3:25:0
EUR=,1.1162,1.1166,1.1162,9966.0,2016-08-02,2:3:26:0
EUR=,1.1162,1.1166,1.1162,9967.0,2016-08-02,2:3:29:0
EUR=,1.1162,1.1166,1.1162,9968.0,2016-08-02,2:3:29:0
EUR=,1.1163,1.1166,1.1163,9969.0,2016-08-02,2:3:30:0
EUR=,1.1162,1.1166,1.1162,9970.0,2016-08-02,2:3:35:0
EUR=,1.1162,1.1165,1.1162,9971.0,2016-08-02,2:3:42:0
EUR=,1.1162,1.1166,1.1162,9972.0,2016-08-02,2:3:42:0
EUR=,1.1161,1.1165,1.1161,9973.0,2016-08-02,2:3:46:0
EUR=,1.1163,1.1165,1.1163,9974.0,2016-08-02,2:3:49:0
EUR=,1.1162,1.1166,1.1162,9975.0,2016-08-02,2:3:51:0
EUR=,1.1161,1.1165,1.1161,9976.0,2016-08-02,2:3:54:0
EUR=,1.1162,1.1166,1.1162,9977.0,2016-08-02,2:3:58:0
EUR=,1.1163,1.1164,1.1163,9978.0,2016-08-02,2:4:1:0
EUR=,1.1162,1.1166,1.1162,9979.0,2016-08-02,2:4:1:0
EUR=,1.1161,1.1165,1.1161,9980.0,2016-08-02,2:4:7:0
EUR=,1.1162,1.1165,1.1162,9981.0,2016-08-02,2:4:7:0
EUR=,1.1163,1.1165,1.1163,9982.0,2016-08-02,2:4:7:0
EUR=,1.1161,1.1165,1.1161,9983.0,2016-08-02,2:4:8:0
EUR=,1.1161,1.1165,1.1161,9984.0,2016-08-02,2:4:8:0
EUR=,1.1161,1.1165,1.1161,9985.0,2016-08-02,2:4:9:0
EUR=,1.1161,1.1165,1.1161,9986.0,2016-08-02,2:4:16:0
EUR=,1.1161,1.1165,1.1161,9987.0,2016-08-02,2:4:16:0
EUR=,1.1161,1.1165,1.1161,9988.0,2016-08-02,2:4:19:0
EUR=,1.1161,1.1165,1.1161,9989.0,2016-08-02,2:4:20:0
EUR=,1.1162,1.1164,1.1162,9990.0,2016-08-02,2:4:22:0
EUR=,1.1161,1.1165,1.1161,9991.0,2016-08-02,2:4:22:0
EUR=,1.1161,1.1165,1.1161,9992.0,2016-08-02,2:4:29:0
EUR=,1.1162,1.1164,1.1162,9993.0,2016-08-02,2:4:30:0
EUR=,1.1161,1.1165,1.1161,9994.0,2016-08-02,2:4:35:0
EUR=,1.1161,1.1165,1.1161,9995.0,2016-08-02,2:4:36:0
EUR=,1.1161,1.1165,1.1161,9996.0,2016-08-02,2:4:38:0
EUR=,1.1161,1.1165,1.1161,9997.0,2016-08-02,2:4:48:0
EUR=,1.1161,1.1165,1.1161,9998.0,2016-08-02,2:4:48:0
EUR=,1.1161,1.1165,1.1161,9999.0,2016-08-02,2:4:54:0
EUR=,1.1161,1.1165,1.1161,10000.0,2016-08-02,2:5:0:0
EUR=,1.1161,1.1165,1.1161,10001.0,2016-08-02,2:5:1:0
EUR=,1.1161,1.1165,1.1161,10002.0,2016-08-02,2:5:3:0
EUR=,1.1161,1.1165,1.1161,10003.0,2016-08-02,2:5:10:0
EUR=,1.1161,1.1165,1.1161,10004.0,2016-08-02,2:5:16:0
EUR=,1.116,1.1164,1.116,10005.0,2016-08-02,2:5:16:0
EUR=,1.116,1.1164,1.116,10006.0,2016-08-02,2:5:16:0
EUR=,1.116,1.1164,1.116,10007.0,2016-08-02,2:5:17:0
EUR=,1.1161,1.1165,1.1161,10008.0,2016-08-02,2:5:18:0
EUR=,1.1161,1.1163,1.1161,10009.0,2016-08-02,2:5:18:0
EUR=,1.1161,1.1165,1.1161,10010.0,2016-08-02,2:5:18:0
EUR=,1.1161,1.1165,1.1161,10011.0,2016-08-02,2:5:20:0
EUR=,1.1161,1.1165,1.1161,10012.0,2016-08-02,2:5:22:0
EUR=,1.1161,1.1165,1.1161,10013.0,2016-08-02,2:5:28:0
EUR=,1.1161,1.1165,1.1161,10014.0,2016-08-02,2:5:29:0
EUR=,1.1161,1.1165,1.1161,10015.0,2016-08-02,2:5:30:0
EUR=,1.1161,1.1164,1.1161,10016.0,2016-08-02,2:5:30:0
EUR=,1.1162,1.1166,1.1162,10017.0,2016-08-02,2:5:30:0
EUR=,1.1163,1.1165,1.1163,10018.0,2016-08-02,2:5:30:0
EUR=,1.1163,1.1165,1.1163,10019.0,2016-08-02,2:5:33:0
EUR=,1.1161,1.1165,1.1161,10020.0,2016-08-02,2:5:38:0
EUR=,1.1161,1.1165,1.1161,10021.0,2016-08-02,2:5:39:0
EUR=,1.1161,1.1165,1.1161,10022.0,2016-08-02,2:5:39:0
EUR=,1.1162,1.1164,1.1162,10023.0,2016-08-02,2:5:40:0
EUR=,1.1161,1.1165,1.1161,10024.0,2016-08-02,2:5:42:0
EUR=,1.116,1.1163,1.116,10025.0,2016-08-02,2:5:43:0
EUR=,1.1161,1.1165,1.1161,10026.0,2016-08-02,2:5:43:0
EUR=,1.1162,1.1166,1.1162,10027.0,2016-08-02,2:5:44:0
EUR=,1.1162,1.1166,1.1162,10028.0,2016-08-02,2:5:46:0
EUR=,1.1162,1.1165,1.1162,10029.0,2016-08-02,2:5:48:0
EUR=,1.1162,1.1166,1.1162,10030.0,2016-08-02,2:5:49:0
EUR=,1.1162,1.1166,1.1162,10031.0,2016-08-02,2:5:50:0
EUR=,1.1162,1.1166,1.1162,10032.0,2016-08-02,2:5:52:0
EUR=,1.1162,1.1166,1.1162,10033.0,2016-08-02,2:5:53:0
EUR=,1.1162,1.1166,1.1162,10034.0,2016-08-02,2:5:56:0
EUR=,1.1162,1.1166,1.1162,10035.0,2016-08-02,2:5:57:0
EUR=,1.1162,1.1165,1.1162,10036.0,2016-08-02,2:6:0:0
EUR=,1.1161,1.1165,1.1161,10037.0,2016-08-02,2:6:1:0
EUR=,1.1162,1.1166,1.1162,10038.0,2016-08-02,2:6:3:0
EUR=,1.1163,1.1164,1.1163,10039.0,2016-08-02,2:6:4:0
EUR=,1.1162,1.1166,1.1162,10040.0,2016-08-02,2:6:7:0
EUR=,1.1162,1.1166,1.1162,10041.0,2016-08-02,2:6:10:0
EUR=,1.1161,1.1165,1.1161,10042.0,2016-08-02,2:6:13:0
EUR=,1.1161,1.1164,1.1161,10043.0,2016-08-02,2:6:13:0
EUR=,1.1161,1.1165,1.1161,10044.0,2016-08-02,2:6:14:0
EUR=,1.1161,1.1165,1.1161,10045.0,2016-08-02,2:6:14:0
EUR=,1.1161,1.1165,1.1161,10046.0,2016-08-02,2:6:15:0
EUR=,1.1161,1.1165,1.1161,10047.0,2016-08-02,2:6:16:0
EUR=,1.1161,1.1165,1.1161,10048.0,2016-08-02,2:6:17:0
EUR=,1.1161,1.1165,1.1161,10049.0,2016-08-02,2:6:20:0
EUR=,1.1161,1.1165,1.1161,10050.0,2016-08-02,2:6:21:0
EUR=,1.1161,1.1165,1.1161,10051.0,2016-08-02,2:6:22:0
EUR=,1.1161,1.1165,1.1161,10052.0,2016-08-02,2:6:23:0
EUR=,1.1161,1.1165,1.1161,10053.0,2016-08-02,2:6:25:0
EUR=,1.1161,1.1165,1.1161,10054.0,2016-08-02,2:6:27:0
EUR=,1.1161,1.1165,1.1161,10055.0,2016-08-02,2:6:28:0
EUR=,1.1161,1.1165,1.1161,10056.0,2016-08-02,2:6:28:0
EUR=,1.1161,1.1164,1.1161,10057.0,2016-08-02,2:6:30:0
EUR=,1.1161,1.1165,1.1161,10058.0,2016-08-02,2:6:31:0
EUR=,1.1161,1.1165,1.1161,10059.0,2016-08-02,2:6:31:0
EUR=,1.1161,1.1165,1.1161,10060.0,2016-08-02,2:6:34:0
EUR=,1.1161,1.1165,1.1161,10061.0,2016-08-02,2:6:34:0
EUR=,1.1161,1.1165,1.1161,10062.0,2016-08-02,2:6:36:0
EUR=,1.1162,1.1165,1.1162,10063.0,2016-08-02,2:6:36:0
EUR=,1.1161,1.1165,1.1161,10064.0,2016-08-02,2:6:37:0
EUR=,1.1161,1.1165,1.1161,10065.0,2016-08-02,2:6:37:0
EUR=,1.1161,1.1165,1.1161,10066.0,2016-08-02,2:6:38:0
EUR=,1.1161,1.1165,1.1161,10067.0,2016-08-02,2:6:40:0
EUR=,1.1161,1.1165,1.1161,10068.0,2016-08-02,2:6:40:0
EUR=,1.1161,1.1165,1.1161,10069.0,2016-08-02,2:6:41:0
EUR=,1.1161,1.1165,1.1161,10070.0,2016-08-02,2:6:42:0
EUR=,1.1161,1.1165,1.1161,10071.0,2016-08-02,2:6:43:0
EUR=,1.1162,1.1166,1.1162,10072.0,2016-08-02,2:6:44:0
EUR=,1.1162,1.1166,1.1162,10073.0,2016-08-02,2:6:44:0
EUR=,1.1161,1.1165,1.1161,10074.0,2016-08-02,2:6:46:0
EUR=,1.1161,1.1165,1.1161,10075.0,2016-08-02,2:6:46:0
EUR=,1.1161,1.1165,1.1161,10076.0,2016-08-02,2:6:46:0
EUR=,1.1161,1.1165,1.1161,10077.0,2016-08-02,2:6:47:0
EUR=,1.1161,1.1165,1.1161,10078.0,2016-08-02,2:6:49:0
EUR=,1.1161,1.1165,1.1161,10079.0,2016-08-02,2:6:49:0
EUR=,1.1161,1.1165,1.1161,10080.0,2016-08-02,2:6:49:0
EUR=,1.1161,1.1165,1.1161,10081.0,2016-08-02,2:6:50:0
EUR=,1.1161,1.1165,1.1161,10082.0,2016-08-02,2:6:51:0
EUR=,1.1161,1.1165,1.1161,10083.0,2016-08-02,2:6:52:0
EUR=,1.1161,1.1165,1.1161,10084.0,2016-08-02,2:6:52:0
EUR=,1.1161,1.1165,1.1161,10085.0,2016-08-02,2:6:55:0
EUR=,1.1161,1.1165,1.1161,10086.0,2016-08-02,2:6:55:0
EUR=,1.1161,1.1165,1.1161,10087.0,2016-08-02,2:6:56:0
EUR=,1.1161,1.1165,1.1161,10088.0,2016-08-02,2:6:57:0
EUR=,1.1161,1.1165,1.1161,10089.0,2016-08-02,2:6:58:0
EUR=,1.1161,1.1165,1.1161,10090.0,2016-08-02,2:6:58:0
EUR=,1.1161,1.1164,1.1161,10091.0,2016-08-02,2:7:0:0
EUR=,1.1162,1.1164,1.1162,10092.0,2016-08-02,2:7:1:0
EUR=,1.1161,1.1165,1.1161,10093.0,2016-08-02,2:7:1:0
EUR=,1.1161,1.1165,1.1161,10094.0,2016-08-02,2:7:2:0
EUR=,1.1161,1.1165,1.1161,10095.0,2016-08-02,2:7:3:0
EUR=,1.1161,1.1165,1.1161,10096.0,2016-08-02,2:7:5:0
EUR=,1.1161,1.1165,1.1161,10097.0,2016-08-02,2:7:5:0
EUR=,1.1161,1.1165,1.1161,10098.0,2016-08-02,2:7:7:0
EUR=,1.1161,1.1165,1.1161,10099.0,2016-08-02,2:7:10:0
EUR=,1.1161,1.1165,1.1161,10100.0,2016-08-02,2:7:14:0
EUR=,1.1161,1.1165,1.1161,10101.0,2016-08-02,2:7:16:0
EUR=,1.1161,1.1165,1.1161,10102.0,2016-08-02,2:7:18:0
EUR=,1.1161,1.1165,1.1161,10103.0,2016-08-02,2:7:20:0
EUR=,1.1161,1.1165,1.1161,10104.0,2016-08-02,2:7:21:0
Symbol,Bid,Ask,Last,Volume,Date,Time
Symbol,Bid,Ask,Last,Volume,Date,Time
EUR=,1.1166,1.117,1.1166,10426.0,2016-08-02,2:17:53:0
EUR=,1.1166,1.117,1.1166,10427.0,2016-08-02,2:17:55:0
EUR=,1.1166,1.117,1.1166,10428.0,2016-08-02,2:17:55:0
EUR=,1.1166,1.117,1.1166,10429.0,2016-08-02,2:17:58:0
EUR=,1.1167,1.1169,1.1167,10430.0,2016-08-02,2:18:0:0
EUR=,1.1168,1.1169,1.1168,10431.0,2016-08-02,2:18:3:0
EUR=,1.1166,1.117,1.1166,10433.0,2016-08-02,2:18:7:0
EUR=,1.1166,1.117,1.1166,10433.0,2016-08-02,2:18:7:0
EUR=,1.1166,1.117,1.1166,10434.0,2016-08-02,2:18:11:0
EUR=,1.1166,1.117,1.1166,10435.0,2016-08-02,2:18:17:0
EUR=,1.1168,1.117,1.1168,10436.0,2016-08-02,2:18:19:0
EUR=,1.1167,1.1169,1.1167,10437.0,2016-08-02,2:18:19:0
EUR=,1.1165,1.1168,1.1165,10438.0,2016-08-02,2:18:29:0
EUR=,1.1166,1.1169,1.1166,10439.0,2016-08-02,2:18:30:0
EUR=,1.1164,1.1168,1.1164,10440.0,2016-08-02,2:18:38:0
EUR=,1.1166,1.117,1.1166,10441.0,2016-08-02,2:19:18:0
EUR=,1.1166,1.117,1.1166,10442.0,2016-08-02,2:19:19:0
Symbol,Bid,Ask,Last,Volume,Date,Time
EUR=,1.1166,1.117,1.1166,10446.0,2016-08-02,2:19:27:0
EUR=,1.1166,1.117,1.1166,10447.0,2016-08-02,2:19:38:0
EUR=,1.1167,1.1171,1.1167,10448.0,2016-08-02,2:19:53:0
EUR=,1.1167,1.117,1.1167,10449.0,2016-08-02,2:19:53:0
EUR=,1.1166,1.117,1.1166,10450.0,2016-08-02,2:19:54:0
EUR=,1.1166,1.117,1.1166,10451.0,2016-08-02,2:19:57:0
EUR=,1.1166,1.117,1.1166,10452.0,2016-08-02,2:19:59:0
EUR=,1.1167,1.117,1.1167,10453.0,2016-08-02,2:20:0:0
EUR=,1.1166,1.117,1.1166,10454.0,2016-08-02,2:20:2:0
EUR=,1.1166,1.117,1.1166,10455.0,2016-08-02,2:20:8:0
EUR=,1.1166,1.117,1.1166,10456.0,2016-08-02,2:20:9:0
EUR=,1.1166,1.117,1.1166,10457.0,2016-08-02,2:20:10:0
EUR=,1.1166,1.117,1.1166,10458.0,2016-08-02,2:20:13:0
EUR=,1.1166,1.117,1.1166,10459.0,2016-08-02,2:20:23:0
EUR=,1.1166,1.117,1.1166,10460.0,2016-08-02,2:20:24:0
EUR=,1.1166,1.117,1.1166,10461.0,2016-08-02,2:20:40:0
EUR=,1.1166,1.117,1.1166,10462.0,2016-08-02,2:20:51:0
EUR=,1.1166,1.117,1.1166,10463.0,2016-08-02,2:20:56:0
EUR=,1.1166,1.117,1.1166,10464.0,2016-08-02,2:21:4:0
EUR=,1.1166,1.117,1.1166,10465.0,2016-08-02,2:21:16:0
EUR=,1.1166,1.117,1.1166,10466.0,2016-08-02,2:21:28:0
EUR=,1.1166,1.117,1.1166,10467.0,2016-08-02,2:21:31:0
EUR=,1.1166,1.117,1.1166,10468.0,2016-08-02,2:21:34:0
Symbol,Bid,Ask,Last,Volume,Date,Time
EUR=,1.1166,1.117,1.1166,10469.0,2016-08-02,2:21:53:0
EUR=,1.1166,1.117,1.1166,10470.0,2016-08-02,2:21:58:0
EUR=,1.1166,1.117,1.1166,10471.0,2016-08-02,2:22:0:0
EUR=,1.1167,1.117,1.1167,10472.0,2016-08-02,2:22:21:0
EUR=,1.1167,1.1171,1.1167,10473.0,2016-08-02,2:22:21:0
EUR=,1.1167,1.1171,1.1167,10474.0,2016-08-02,2:22:22:0
EUR=,1.1168,1.117,1.1168,10475.0,2016-08-02,2:22:22:0
EUR=,1.1167,1.1171,1.1167,10476.0,2016-08-02,2:22:22:0
EUR=,1.1167,1.1171,1.1167,10477.0,2016-08-02,2:22:23:0
EUR=,1.1167,1.1171,1.1167,10478.0,2016-08-02,2:22:37:0
EUR=,1.1167,1.1171,1.1167,10479.0,2016-08-02,2:22:37:0
EUR=,1.1167,1.1171,1.1167,10480.0,2016-08-02,2:22:40:0
EUR=,1.1168,1.1171,1.1168,10481.0,2016-08-02,2:22:48:0
EUR=,1.1169,1.1171,1.1169,10482.0,2016-08-02,2:22:49:0
EUR=,1.1167,1.1171,1.1167,10483.0,2016-08-02,2:22:52:0
EUR=,1.1167,1.1171,1.1167,10484.0,2016-08-02,2:22:59:0
EUR=,1.1168,1.1169,1.1168,10485.0,2016-08-02,2:23:1:0
EUR=,1.1168,1.117,1.1168,10486.0,2016-08-02,2:23:3:0
EUR=,1.1167,1.1171,1.1167,10487.0,2016-08-02,2:23:4:0
EUR=,1.1167,1.1171,1.1167,10488.0,2016-08-02,2:23:5:0
EUR=,1.1167,1.1171,1.1167,10489.0,2016-08-02,2:23:8:0
EUR=,1.1167,1.1171,1.1167,10490.0,2016-08-02,2:23:9:0
EUR=,1.1167,1.1171,1.1167,10491.0,2016-08-02,2:23:9:0
EUR=,1.1167,1.1171,1.1167,10492.0,2016-08-02,2:23:10:0
EUR=,1.1167,1.117,1.1167,10493.0,2016-08-02,2:23:10:0
EUR=,1.1165,1.1169,1.1165,10494.0,2016-08-02,2:23:12:0
EUR=,1.1166,1.1168,1.1166,10495.0,2016-08-02,2:23:14:0
EUR=,1.1167,1.1171,1.1167,10496.0,2016-08-02,2:23:17:0
EUR=,1.1167,1.1171,1.1167,10497.0,2016-08-02,2:23:18:0
EUR=,1.1167,1.1171,1.1167,10498.0,2016-08-02,2:23:21:0
EUR=,1.1167,1.1171,1.1167,10499.0,2016-08-02,2:23:22:0
EUR=,1.1168,1.117,1.1168,10500.0,2016-08-02,2:23:22:0
EUR=,1.1166,1.1169,1.1166,10501.0,2016-08-02,2:23:32:0
EUR=,1.1167,1.1169,1.1167,10502.0,2016-08-02,2:23:37:0
EUR=,1.1165,1.1168,1.1165,10503.0,2016-08-02,2:23:41:0
EUR=,1.1166,1.117,1.1166,10504.0,2016-08-02,2:23:42:0
EUR=,1.1167,1.1171,1.1167,10505.0,2016-08-02,2:23:46:0
EUR=,1.1167,1.1171,1.1167,10506.0,2016-08-02,2:23:47:0
EUR=,1.1167,1.1171,1.1167,10507.0,2016-08-02,2:23:51:0
EUR=,1.1168,1.117,1.1168,10508.0,2016-08-02,2:23:51:0
EUR=,1.1166,1.117,1.1166,10509.0,2016-08-02,2:23:52:0
EUR=,1.1167,1.117,1.1167,10510.0,2016-08-02,2:23:58:0
EUR=,1.1165,1.1169,1.1165,10511.0,2016-08-02,2:24:0:0
EUR=,1.1168,1.1169,1.1168,10512.0,2016-08-02,2:24:1:0
EUR=,1.1168,1.1169,1.1168,10513.0,2016-08-02,2:24:3:0
EUR=,1.1168,1.117,1.1168,10514.0,2016-08-02,2:24:5:0
EUR=,1.1166,1.1169,1.1166,10515.0,2016-08-02,2:24:9:0
EUR=,1.1164,1.1168,1.1164,10516.0,2016-08-02,2:24:19:0
EUR=,1.1165,1.1167,1.1165,10517.0,2016-08-02,2:24:21:0
EUR=,1.1163,1.1166,1.1163,10518.0,2016-08-02,2:24:30:0
EUR=,1.1164,1.1166,1.1164,10519.0,2016-08-02,2:24:32:0
EUR=,1.1166,1.117,1.1166,10520.0,2016-08-02,2:24:33:0
EUR=,1.1166,1.117,1.1166,10521.0,2016-08-02,2:24:33:0
EUR=,1.1166,1.117,1.1166,10522.0,2016-08-02,2:24:34:0
EUR=,1.1167,1.1169,1.1167,10523.0,2016-08-02,2:24:35:0
EUR=,1.1166,1.1169,1.1166,10524.0,2016-08-02,2:24:35:0
EUR=,1.1166,1.117,1.1166,10525.0,2016-08-02,2:24:39:0
EUR=,1.1167,1.1169,1.1167,10526.0,2016-08-02,2:24:40:0
EUR=,1.1166,1.117,1.1166,10527.0,2016-08-02,2:24:42:0
EUR=,1.1166,1.117,1.1166,10528.0,2016-08-02,2:24:42:0
EUR=,1.1165,1.1168,1.1165,10529.0,2016-08-02,2:24:42:0
EUR=,1.1166,1.117,1.1166,10530.0,2016-08-02,2:24:44:0
EUR=,1.1166,1.1168,1.1166,10531.0,2016-08-02,2:24:46:0
EUR=,1.1166,1.117,1.1166,10532.0,2016-08-02,2:24:47:0
EUR=,1.1167,1.117,1.1167,10533.0,2016-08-02,2:24:47:0
EUR=,1.1168,1.117,1.1168,10534.0,2016-08-02,2:24:50:0
EUR=,1.1166,1.1169,1.1166,10535.0,2016-08-02,2:24:51:0
EUR=,1.1167,1.1169,1.1167,10536.0,2016-08-02,2:25:0:0
EUR=,1.1164,1.1168,1.1164,10537.0,2016-08-02,2:25:0:0
EUR=,1.1166,1.117,1.1166,10538.0,2016-08-02,2:25:1:0
EUR=,1.1167,1.1168,1.1167,10539.0,2016-08-02,2:25:2:0
EUR=,1.1166,1.1169,1.1166,10540.0,2016-08-02,2:25:8:0
EUR=,1.1164,1.1168,1.1164,10541.0,2016-08-02,2:25:9:0
EUR=,1.1165,1.1167,1.1165,10542.0,2016-08-02,2:25:12:0
EUR=,1.1166,1.117,1.1166,10543.0,2016-08-02,2:25:14:0
EUR=,1.1167,1.1169,1.1167,10544.0,2016-08-02,2:25:15:0
EUR=,1.1167,1.117,1.1167,10545.0,2016-08-02,2:25:18:0
EUR=,1.1166,1.117,1.1166,10546.0,2016-08-02,2:25:18:0
EUR=,1.1166,1.117,1.1166,10547.0,2016-08-02,2:25:20:0
EUR=,1.1166,1.117,1.1166,10548.0,2016-08-02,2:25:25:0
EUR=,1.1166,1.1169,1.1166,10549.0,2016-08-02,2:25:30:0
EUR=,1.1164,1.1168,1.1164,10550.0,2016-08-02,2:25:38:0
EUR=,1.1165,1.1167,1.1165,10551.0,2016-08-02,2:25:43:0
EUR=,1.1163,1.1166,1.1163,10552.0,2016-08-02,2:25:44:0
EUR=,1.1166,1.117,1.1166,10553.0,2016-08-02,2:25:47:0
EUR=,1.1164,1.1166,1.1164,10554.0,2016-08-02,2:25:47:0
EUR=,1.1162,1.1165,1.1162,10555.0,2016-08-02,2:25:50:0
EUR=,1.1166,1.1169,1.1166,10556.0,2016-08-02,2:25:54:0
EUR=,1.1167,1.1169,1.1167,10557.0,2016-08-02,2:25:55:0
EUR=,1.1165,1.1168,1.1165,10558.0,2016-08-02,2:25:56:0
EUR=,1.1167,1.1168,1.1167,10559.0,2016-08-02,2:26:1:0
EUR=,1.1167,1.1168,1.1167,10560.0,2016-08-02,2:26:3:0
EUR=,1.1165,1.1167,1.1165,10561.0,2016-08-02,2:26:4:0
EUR=,1.1165,1.1167,1.1165,10562.0,2016-08-02,2:26:7:0
EUR=,1.1166,1.117,1.1166,10563.0,2016-08-02,2:26:7:0
EUR=,1.1167,1.1169,1.1167,10564.0,2016-08-02,2:26:9:0
EUR=,1.1166,1.117,1.1166,10565.0,2016-08-02,2:26:14:0
EUR=,1.1166,1.117,1.1166,10566.0,2016-08-02,2:26:14:0
EUR=,1.1166,1.117,1.1166,10567.0,2016-08-02,2:26:20:0
EUR=,1.1166,1.117,1.1166,10568.0,2016-08-02,2:26:22:0
EUR=,1.1166,1.117,1.1166,10569.0,2016-08-02,2:26:22:0
EUR=,1.1167,1.117,1.1167,10570.0,2016-08-02,2:26:24:0
EUR=,1.1166,1.117,1.1166,10571.0,2016-08-02,2:26:28:0
EUR=,1.1166,1.117,1.1166,10572.0,2016-08-02,2:26:28:0
EUR=,1.1166,1.117,1.1166,10573.0,2016-08-02,2:26:29:0
EUR=,1.1166,1.117,1.1166,10574.0,2016-08-02,2:26:30:0
EUR=,1.1166,1.117,1.1166,10575.0,2016-08-02,2:26:33:0
EUR=,1.1166,1.1169,1.1166,10576.0,2016-08-02,2:26:33:0
EUR=,1.1164,1.1168,1.1164,10577.0,2016-08-02,2:26:40:0
EUR=,1.1165,1.1167,1.1165,10578.0,2016-08-02,2:26:42:0
EUR=,1.1163,1.1166,1.1163,10579.0,2016-08-02,2:26:47:0
EUR=,1.1164,1.1166,1.1164,10580.0,2016-08-02,2:26:49:0
EUR=,1.1162,1.1165,1.1162,10581.0,2016-08-02,2:26:58:0
EUR=,1.1167,1.1168,1.1167,10582.0,2016-08-02,2:27:2:0
EUR=,1.1167,1.1169,1.1167,10583.0,2016-08-02,2:27:3:0
Symbol,Bid,Ask,Last,Volume,Date,Time
EUR=,1.1165,1.1169,1.1165,10666.0,2016-08-02,2:31:34:0
EUR=,1.1165,1.1169,1.1165,10667.0,2016-08-02,2:31:54:0
EUR=,1.1166,1.1168,1.1166,10668.0,2016-08-02,2:31:58:0
EUR=,1.1164,1.1167,1.1164,10669.0,2016-08-02,2:31:59:0
EUR=,1.1165,1.1169,1.1165,10670.0,2016-08-02,2:32:0:0
EUR=,1.1165,1.1169,1.1165,10671.0,2016-08-02,2:32:1:0
EUR=,1.1166,1.1168,1.1166,10672.0,2016-08-02,2:32:2:0
EUR=,1.1166,1.1168,1.1166,10673.0,2016-08-02,2:32:8:0
EUR=,1.1165,1.1169,1.1165,10674.0,2016-08-02,2:32:12:0
EUR=,1.1165,1.1169,1.1165,10675.0,2016-08-02,2:32:21:0
EUR=,1.1165,1.1169,1.1165,10676.0,2016-08-02,2:32:23:0
EUR=,1.1165,1.1169,1.1165,10677.0,2016-08-02,2:32:26:0
EUR=,1.1165,1.1169,1.1165,10678.0,2016-08-02,2:32:29:0
EUR=,1.1165,1.1169,1.1165,10679.0,2016-08-02,2:32:30:0
EUR=,1.1165,1.1169,1.1165,10680.0,2016-08-02,2:32:34:0
EUR=,1.1165,1.1169,1.1165,10681.0,2016-08-02,2:33:3:0
EUR=,1.1165,1.1169,1.1165,10682.0,2016-08-02,2:33:9:0
EUR=,1.1166,1.117,1.1166,10683.0,2016-08-02,2:33:9:0
EUR=,1.1166,1.1169,1.1166,10684.0,2016-08-02,2:33:10:0
EUR=,1.1166,1.117,1.1166,10685.0,2016-08-02,2:33:10:0
EUR=,1.1166,1.117,1.1166,10686.0,2016-08-02,2:33:17:0
EUR=,1.1166,1.117,1.1166,10687.0,2016-08-02,2:33:18:0
EUR=,1.1166,1.117,1.1166,10688.0,2016-08-02,2:33:19:0
EUR=,1.1166,1.117,1.1166,10689.0,2016-08-02,2:33:19:0
EUR=,1.1166,1.117,1.1166,10690.0,2016-08-02,2:33:20:0
EUR=,1.1166,1.1169,1.1166,10691.0,2016-08-02,2:33:30:0
EUR=,1.1166,1.117,1.1166,10692.0,2016-08-02,2:33:30:0
EUR=,1.1166,1.117,1.1166,10693.0,2016-08-02,2:33:31:0
EUR=,1.1167,1.1169,1.1167,10694.0,2016-08-02,2:33:34:0
EUR=,1.1165,1.1168,1.1165,10695.0,2016-08-02,2:33:38:0
EUR=,1.1166,1.117,1.1166,10696.0,2016-08-02,2:33:39:0
EUR=,1.1167,1.1168,1.1167,10697.0,2016-08-02,2:34:1:0
EUR=,1.1167,1.1168,1.1167,10698.0,2016-08-02,2:34:2:0
EUR=,1.1166,1.117,1.1166,10699.0,2016-08-02,2:34:2:0
EUR=,1.1166,1.117,1.1166,10700.0,2016-08-02,2:34:15:0
EUR=,1.1166,1.117,1.1166,10701.0,2016-08-02,2:34:16:0
EUR=,1.1166,1.117,1.1166,10702.0,2016-08-02,2:34:22:0
EUR=,1.1166,1.117,1.1166,10703.0,2016-08-02,2:34:25:0
EUR=,1.1166,1.117,1.1166,10704.0,2016-08-02,2:34:37:0
EUR=,1.1166,1.117,1.1166,10705.0,2016-08-02,2:34:47:0
EUR=,1.1166,1.117,1.1166,10706.0,2016-08-02,2:34:47:0
EUR=,1.1166,1.117,1.1166,10707.0,2016-08-02,2:34:48:0
EUR=,1.1166,1.117,1.1166,10708.0,2016-08-02,2:34:49:0
EUR=,1.1167,1.117,1.1167,10709.0,2016-08-02,2:34:56:0
EUR=,1.1168,1.117,1.1168,10710.0,2016-08-02,2:34:57:0
EUR=,1.1167,1.1169,1.1167,10711.0,2016-08-02,2:35:0:0
EUR=,1.1166,1.117,1.1166,10712.0,2016-08-02,2:35:0:0
EUR=,1.1166,1.117,1.1166,10713.0,2016-08-02,2:35:1:0
EUR=,1.1165,1.1169,1.1165,10714.0,2016-08-02,2:35:5:0
EUR=,1.1166,1.1168,1.1166,10715.0,2016-08-02,2:35:5:0
EUR=,1.1166,1.117,1.1166,10716.0,2016-08-02,2:35:6:0
EUR=,1.1166,1.1169,1.1166,10717.0,2016-08-02,2:35:6:0
EUR=,1.1165,1.1169,1.1165,10718.0,2016-08-02,2:35:9:0
EUR=,1.1165,1.1169,1.1165,10719.0,2016-08-02,2:35:9:0
EUR=,1.1166,1.1168,1.1166,10720.0,2016-08-02,2:35:9:0
EUR=,1.1165,1.1169,1.1165,10721.0,2016-08-02,2:35:10:0
EUR=,1.1165,1.1169,1.1165,10722.0,2016-08-02,2:35:11:0
EUR=,1.1165,1.1169,1.1165,10723.0,2016-08-02,2:35:13:0
EUR=,1.1166,1.117,1.1166,10724.0,2016-08-02,2:35:16:0
EUR=,1.1166,1.117,1.1166,10725.0,2016-08-02,2:35:16:0
EUR=,1.1167,1.1168,1.1167,10726.0,2016-08-02,2:35:18:0
EUR=,1.1165,1.1169,1.1165,10727.0,2016-08-02,2:35:22:0
EUR=,1.1166,1.1169,1.1166,10728.0,2016-08-02,2:35:30:0
EUR=,1.1165,1.1169,1.1165,10729.0,2016-08-02,2:35:31:0
EUR=,1.1166,1.117,1.1166,10730.0,2016-08-02,2:35:34:0
EUR=,1.1166,1.117,1.1166,10731.0,2016-08-02,2:35:36:0
EUR=,1.1166,1.117,1.1166,10732.0,2016-08-02,2:35:39:0
EUR=,1.1166,1.1169,1.1166,10733.0,2016-08-02,2:35:52:0
EUR=,1.1164,1.1168,1.1164,10734.0,2016-08-02,2:35:59:0
EUR=,1.1167,1.1168,1.1167,10735.0,2016-08-02,2:36:1:0
EUR=,1.1165,1.1167,1.1165,10736.0,2016-08-02,2:36:8:0
EUR=,1.1163,1.1166,1.1163,10737.0,2016-08-02,2:36:20:0
EUR=,1.1164,1.1166,1.1164,10738.0,2016-08-02,2:36:23:0
EUR=,1.1167,1.1168,1.1167,10739.0,2016-08-02,2:36:23:0
EUR=,1.1167,1.1169,1.1167,10740.0,2016-08-02,2:36:25:0
EUR=,1.1164,1.1168,1.1164,10741.0,2016-08-02,2:36:30:0
EUR=,1.1165,1.1167,1.1165,10742.0,2016-08-02,2:36:33:0
EUR=,1.1166,1.117,1.1166,10743.0,2016-08-02,2:36:37:0
EUR=,1.1167,1.1169,1.1167,10744.0,2016-08-02,2:36:39:0
EUR=,1.1165,1.1168,1.1165,10745.0,2016-08-02,2:36:41:0
EUR=,1.1166,1.117,1.1166,10746.0,2016-08-02,2:36:42:0
EUR=,1.1166,1.1168,1.1166,10747.0,2016-08-02,2:36:44:0
EUR=,1.1164,1.1167,1.1164,10748.0,2016-08-02,2:36:50:0
EUR=,1.1162,1.1166,1.1162,10749.0,2016-08-02,2:36:58:0
EUR=,1.1167,1.1168,1.1167,10750.0,2016-08-02,2:37:1:0
EUR=,1.1166,1.117,1.1166,10751.0,2016-08-02,2:37:4:0
EUR=,1.1165,1.1167,1.1165,10752.0,2016-08-02,2:37:4:0
EUR=,1.1166,1.117,1.1166,10753.0,2016-08-02,2:37:8:0
EUR=,1.1166,1.117,1.1166,10754.0,2016-08-02,2:37:8:0
EUR=,1.1166,1.117,1.1166,10755.0,2016-08-02,2:37:9:0
EUR=,1.1166,1.117,1.1166,10756.0,2016-08-02,2:37:9:0
EUR=,1.1167,1.1169,1.1167,10757.0,2016-08-02,2:37:10:0
EUR=,1.1166,1.117,1.1166,10758.0,2016-08-02,2:37:10:0
EUR=,1.1166,1.117,1.1166,10759.0,2016-08-02,2:37:10:0
EUR=,1.1166,1.117,1.1166,10760.0,2016-08-02,2:37:11:0
EUR=,1.1167,1.1169,1.1167,10761.0,2016-08-02,2:37:11:0
EUR=,1.1165,1.1168,1.1165,10762.0,2016-08-02,2:37:18:0
EUR=,1.1166,1.117,1.1166,10763.0,2016-08-02,2:37:21:0
EUR=,1.1166,1.117,1.1166,10764.0,2016-08-02,2:37:21:0
EUR=,1.1167,1.1169,1.1167,10765.0,2016-08-02,2:37:30:0
EUR=,1.1166,1.117,1.1166,10766.0,2016-08-02,2:37:30:0
EUR=,1.1167,1.1169,1.1167,10767.0,2016-08-02,2:37:33:0
EUR=,1.1165,1.1168,1.1165,10768.0,2016-08-02,2:37:38:0
EUR=,1.1166,1.1169,1.1166,10769.0,2016-08-02,2:37:40:0
EUR=,1.1164,1.1168,1.1164,10770.0,2016-08-02,2:37:43:0
EUR=,1.1165,1.1167,1.1165,10771.0,2016-08-02,2:37:45:0
EUR=,1.1166,1.117,1.1166,10772.0,2016-08-02,2:37:49:0
EUR=,1.1167,1.1169,1.1167,10773.0,2016-08-02,2:37:51:0
EUR=,1.1165,1.1168,1.1165,10774.0,2016-08-02,2:37:53:0
EUR=,1.1166,1.1168,1.1166,10775.0,2016-08-02,2:37:55:0
EUR=,1.1167,1.1168,1.1167,10776.0,2016-08-02,2:38:1:0
EUR=,1.1165,1.1167,1.1165,10777.0,2016-08-02,2:38:10:0
EUR=,1.1166,1.117,1.1166,10778.0,2016-08-02,2:38:11:0
EUR=,1.1167,1.1169,1.1167,10779.0,2016-08-02,2:38:14:0
EUR=,1.1166,1.117,1.1166,10780.0,2016-08-02,2:38:14:0
EUR=,1.1166,1.117,1.1166,10781.0,2016-08-02,2:38:25:0
EUR=,1.1166,1.117,1.1166,10782.0,2016-08-02,2:38:30:0
EUR=,1.1167,1.1168,1.1167,10783.0,2016-08-02,2:38:36:0
EUR=,1.1165,1.1167,1.1165,10784.0,2016-08-02,2:38:46:0
EUR=,1.1165,1.1167,1.1165,10785.0,2016-08-02,2:38:49:0
EUR=,1.1163,1.1166,1.1163,10786.0,2016-08-02,2:38:51:0
EUR=,1.1165,1.1169,1.1165,10787.0,2016-08-02,2:38:52:0
EUR=,1.1165,1.1169,1.1165,10788.0,2016-08-02,2:38:53:0
EUR=,1.1167,1.1168,1.1167,10789.0,2016-08-02,2:38:54:0
EUR=,1.1164,1.1166,1.1164,10790.0,2016-08-02,2:38:55:0
EUR=,1.1166,1.1168,1.1166,10791.0,2016-08-02,2:38:56:0
EUR=,1.1165,1.1169,1.1165,10792.0,2016-08-02,2:38:57:0
EUR=,1.1162,1.1165,1.1162,10793.0,2016-08-02,2:38:57:0
EUR=,1.1164,1.1166,1.1164,10794.0,2016-08-02,2:38:58:0
EUR=,1.1163,1.1165,1.1163,10795.0,2016-08-02,2:39:0:0
EUR=,1.1167,1.1169,1.1167,10796.0,2016-08-02,2:39:1:0
