Symbol,Bid,Ask,Last,Volume,Date,Time
EURGBP=R,0.8466,0.8471,0.8466,17366.0,2016-08-02,1:19:53:0
EURGBP=R,0.8465,0.8472,0.8465,17367.0,2016-08-02,1:19:57:0
EURGBP=R,0.8466,0.8471,0.8466,17368.0,2016-08-02,1:19:57:0
EURGBP=R,0.8466,0.847,0.8466,17369.0,2016-08-02,1:19:58:0
EURGBP=R,0.8466,0.847,0.8466,17370.0,2016-08-02,1:20:0:0
EURGBP=R,0.8466,0.8472,0.8466,17371.0,2016-08-02,1:20:0:0
EURGBP=R,0.8466,0.8472,0.8466,17372.0,2016-08-02,1:20:0:0
EURGBP=R,0.8467,0.8471,0.8467,17373.0,2016-08-02,1:20:1:0
EURGBP=R,0.8468,0.847,0.8468,17374.0,2016-08-02,1:20:1:0
EURGBP=R,0.8466,0.847,0.8466,17375.0,2016-08-02,1:20:1:0
EURGBP=R,0.8466,0.847,0.8466,17376.0,2016-08-02,1:20:2:0
EURGBP=R,0.8467,0.8471,0.8467,17377.0,2016-08-02,1:20:2:0
EURGBP=R,0.8468,0.8471,0.8468,17378.0,2016-08-02,1:20:3:0
EURGBP=R,0.8468,0.8471,0.8468,17379.0,2016-08-02,1:20:3:0
EURGBP=R,0.8468,0.8471,0.8468,17380.0,2016-08-02,1:20:3:0
EURGBP=R,0.8468,0.8471,0.8468,17381.0,2016-08-02,1:20:3:0
EURGBP=R,0.8468,0.8471,0.8468,17382.0,2016-08-02,1:20:6:0
EURGBP=R,0.8467,0.8471,0.8467,17383.0,2016-08-02,1:20:6:0
EURGBP=R,0.8466,0.8471,0.8466,17384.0,2016-08-02,1:20:7:0
EURGBP=R,0.8466,0.8471,0.8466,17385.0,2016-08-02,1:20:8:0
EURGBP=R,0.8467,0.8471,0.8467,17386.0,2016-08-02,1:20:9:0
EURGBP=R,0.8467,0.8471,0.8467,17387.0,2016-08-02,1:20:11:0
EURGBP=R,0.8467,0.847,0.8467,17388.0,2016-08-02,1:20:11:0
EURGBP=R,0.8466,0.8469,0.8466,17389.0,2016-08-02,1:20:12:0
EURGBP=R,0.8466,0.8469,0.8466,17390.0,2016-08-02,1:20:14:0
EURGBP=R,0.8466,0.847,0.8466,17391.0,2016-08-02,1:20:15:0
EURGBP=R,0.8466,0.847,0.8466,17392.0,2016-08-02,1:20:15:0
EURGBP=R,0.8466,0.847,0.8466,17393.0,2016-08-02,1:20:16:0
EURGBP=R,0.8466,0.847,0.8466,17394.0,2016-08-02,1:20:16:0
EURGBP=R,0.8466,0.847,0.8466,17395.0,2016-08-02,1:20:17:0
EURGBP=R,0.8465,0.8471,0.8465,17396.0,2016-08-02,1:20:20:0
EURGBP=R,0.8466,0.847,0.8466,17397.0,2016-08-02,1:20:21:0
EURGBP=R,0.8465,0.847,0.8465,17398.0,2016-08-02,1:20:21:0
EURGBP=R,0.8466,0.847,0.8466,17399.0,2016-08-02,1:20:22:0
EURGBP=R,0.8465,0.8471,0.8465,17400.0,2016-08-02,1:20:23:0
EURGBP=R,0.8465,0.8472,0.8465,17401.0,2016-08-02,1:20:23:0
EURGBP=R,0.8466,0.8472,0.8466,17402.0,2016-08-02,1:20:23:0
EURGBP=R,0.8464,0.8469,0.8464,17403.0,2016-08-02,1:20:23:0
EURGBP=R,0.8465,0.8469,0.8465,17404.0,2016-08-02,1:20:25:0
EURGBP=R,0.8464,0.8469,0.8464,17405.0,2016-08-02,1:20:26:0
EURGBP=R,0.8464,0.8469,0.8464,17406.0,2016-08-02,1:20:29:0
EURGBP=R,0.8464,0.8469,0.8464,17407.0,2016-08-02,1:20:30:0
EURGBP=R,0.8464,0.8471,0.8464,17408.0,2016-08-02,1:20:30:0
EURGBP=R,0.8466,0.8473,0.8466,17409.0,2016-08-02,1:20:30:0
EURGBP=R,0.8467,0.8473,0.8467,17410.0,2016-08-02,1:20:31:0
EURGBP=R,0.8468,0.8472,0.8468,17411.0,2016-08-02,1:20:31:0
EURGBP=R,0.8467,0.8472,0.8467,17412.0,2016-08-02,1:20:31:0
EURGBP=R,0.8467,0.8472,0.8467,17413.0,2016-08-02,1:20:32:0
EURGBP=R,0.8467,0.8472,0.8467,17414.0,2016-08-02,1:20:32:0
EURGBP=R,0.8467,0.8472,0.8467,17415.0,2016-08-02,1:20:32:0
EURGBP=R,0.8465,0.8472,0.8465,17416.0,2016-08-02,1:20:32:0
EURGBP=R,0.8466,0.8471,0.8466,17417.0,2016-08-02,1:20:32:0
EURGBP=R,0.8466,0.847,0.8466,17418.0,2016-08-02,1:20:32:0
EURGBP=R,0.8466,0.8471,0.8466,17419.0,2016-08-02,1:20:33:0
EURGBP=R,0.8466,0.8471,0.8466,17420.0,2016-08-02,1:20:33:0
EURGBP=R,0.8467,0.8472,0.8467,17421.0,2016-08-02,1:20:34:0
EURGBP=R,0.8466,0.8474,0.8466,17422.0,2016-08-02,1:20:35:0
EURGBP=R,0.8467,0.8472,0.8467,17423.0,2016-08-02,1:20:37:0
EURGBP=R,0.8466,0.8474,0.8466,17424.0,2016-08-02,1:20:38:0
EURGBP=R,0.8466,0.8473,0.8466,17425.0,2016-08-02,1:20:38:0
EURGBP=R,0.8466,0.8473,0.8466,17426.0,2016-08-02,1:20:39:0
EURGBP=R,0.8467,0.8472,0.8467,17427.0,2016-08-02,1:20:43:0
EURGBP=R,0.8467,0.8472,0.8467,17428.0,2016-08-02,1:20:45:0
EURGBP=R,0.8467,0.8472,0.8467,17429.0,2016-08-02,1:20:45:0
EURGBP=R,0.8467,0.8472,0.8467,17430.0,2016-08-02,1:20:46:0
EURGBP=R,0.8467,0.8472,0.8467,17431.0,2016-08-02,1:20:47:0
EURGBP=R,0.8466,0.8474,0.8466,17432.0,2016-08-02,1:20:48:0
EURGBP=R,0.8467,0.8472,0.8467,17433.0,2016-08-02,1:20:49:0
EURGBP=R,0.8466,0.8474,0.8466,17434.0,2016-08-02,1:20:50:0
EURGBP=R,0.8466,0.8474,0.8466,17435.0,2016-08-02,1:20:54:0
EURGBP=R,0.8466,0.8473,0.8466,17436.0,2016-08-02,1:20:56:0
EURGBP=R,0.8465,0.8472,0.8465,17437.0,2016-08-02,1:20:57:0
EURGBP=R,0.8466,0.8472,0.8466,17438.0,2016-08-02,1:20:57:0
EURGBP=R,0.8465,0.8473,0.8465,17439.0,2016-08-02,1:20:57:0
EURGBP=R,0.8467,0.8472,0.8467,17440.0,2016-08-02,1:20:58:0
EURGBP=R,0.8467,0.8472,0.8467,17441.0,2016-08-02,1:20:58:0
EURGBP=R,0.8467,0.8472,0.8467,17442.0,2016-08-02,1:20:59:0
EURGBP=R,0.8467,0.8472,0.8467,17443.0,2016-08-02,1:21:1:0
EURGBP=R,0.8467,0.8471,0.8467,17444.0,2016-08-02,1:21:1:0
EURGBP=R,0.8467,0.8469,0.8467,17445.0,2016-08-02,1:21:2:0
EURGBP=R,0.8466,0.8471,0.8466,17446.0,2016-08-02,1:21:2:0
EURGBP=R,0.8465,0.8473,0.8465,17447.0,2016-08-02,1:21:2:0
EURGBP=R,0.8465,0.8472,0.8465,17448.0,2016-08-02,1:21:2:0
EURGBP=R,0.8466,0.8471,0.8466,17449.0,2016-08-02,1:21:2:0
EURGBP=R,0.8466,0.8471,0.8466,17450.0,2016-08-02,1:21:3:0
EURGBP=R,0.8466,0.847,0.8466,17451.0,2016-08-02,1:21:6:0
EURGBP=R,0.8466,0.847,0.8466,17452.0,2016-08-02,1:21:7:0
EURGBP=R,0.8466,0.847,0.8466,17453.0,2016-08-02,1:21:7:0
EURGBP=R,0.8466,0.847,0.8466,17454.0,2016-08-02,1:21:10:0
EURGBP=R,0.8464,0.8469,0.8464,17455.0,2016-08-02,1:21:11:0
EURGBP=R,0.8465,0.847,0.8465,17456.0,2016-08-02,1:21:12:0
EURGBP=R,0.8466,0.8469,0.8466,17457.0,2016-08-02,1:21:13:0
EURGBP=R,0.8466,0.8469,0.8466,17458.0,2016-08-02,1:21:15:0
EURGBP=R,0.8465,0.8471,0.8465,17459.0,2016-08-02,1:21:15:0
EURGBP=R,0.8465,0.8472,0.8465,17460.0,2016-08-02,1:21:16:0
EURGBP=R,0.8466,0.8471,0.8466,17461.0,2016-08-02,1:21:16:0
EURGBP=R,0.8465,0.8472,0.8465,17462.0,2016-08-02,1:21:17:0
EURGBP=R,0.8465,0.8472,0.8465,17464.0,2016-08-02,1:21:17:0
EURGBP=R,0.8465,0.8472,0.8465,17464.0,2016-08-02,1:21:17:0
EURGBP=R,0.8465,0.8472,0.8465,17465.0,2016-08-02,1:21:17:0
EURGBP=R,0.8466,0.8471,0.8466,17466.0,2016-08-02,1:21:18:0
EURGBP=R,0.8466,0.8471,0.8466,17467.0,2016-08-02,1:21:18:0
EURGBP=R,0.8467,0.8471,0.8467,17468.0,2016-08-02,1:21:19:0
EURGBP=R,0.8467,0.8471,0.8467,17469.0,2016-08-02,1:21:19:0
EURGBP=R,0.8467,0.8471,0.8467,17470.0,2016-08-02,1:21:20:0
EURGBP=R,0.8467,0.8471,0.8467,17471.0,2016-08-02,1:21:20:0
EURGBP=R,0.8466,0.8472,0.8466,17472.0,2016-08-02,1:21:20:0
EURGBP=R,0.8465,0.8472,0.8465,17473.0,2016-08-02,1:21:21:0
EURGBP=R,0.8466,0.8471,0.8466,17474.0,2016-08-02,1:21:21:0
EURGBP=R,0.8465,0.8472,0.8465,17475.0,2016-08-02,1:21:23:0
EURGBP=R,0.8465,0.8472,0.8465,17476.0,2016-08-02,1:21:23:0
EURGBP=R,0.8465,0.8472,0.8465,17477.0,2016-08-02,1:21:25:0
EURGBP=R,0.8466,0.8471,0.8466,17478.0,2016-08-02,1:21:26:0
EURGBP=R,0.8465,0.8472,0.8465,17479.0,2016-08-02,1:21:27:0
EURGBP=R,0.8465,0.8472,0.8465,17480.0,2016-08-02,1:21:30:0
EURGBP=R,0.8465,0.8472,0.8465,17481.0,2016-08-02,1:21:30:0
EURGBP=R,0.8465,0.8472,0.8465,17482.0,2016-08-02,1:21:30:0
EURGBP=R,0.8465,0.8472,0.8465,17483.0,2016-08-02,1:21:32:0
EURGBP=R,0.8465,0.8471,0.8465,17484.0,2016-08-02,1:21:32:0
EURGBP=R,0.8465,0.8472,0.8465,17485.0,2016-08-02,1:21:33:0
EURGBP=R,0.8466,0.8471,0.8466,17486.0,2016-08-02,1:21:33:0
EURGBP=R,0.8466,0.8471,0.8466,17487.0,2016-08-02,1:21:34:0
EURGBP=R,0.8466,0.8471,0.8466,17488.0,2016-08-02,1:21:37:0
EURGBP=R,0.8466,0.8471,0.8466,17489.0,2016-08-02,1:21:38:0
EURGBP=R,0.8466,0.8471,0.8466,17490.0,2016-08-02,1:21:40:0
EURGBP=R,0.8466,0.8471,0.8466,17491.0,2016-08-02,1:21:42:0
EURGBP=R,0.8465,0.8472,0.8465,17492.0,2016-08-02,1:21:43:0
EURGBP=R,0.8465,0.8471,0.8465,17493.0,2016-08-02,1:21:45:0
EURGBP=R,0.8465,0.8472,0.8465,17494.0,2016-08-02,1:21:45:0
EURGBP=R,0.8467,0.8472,0.8467,17495.0,2016-08-02,1:21:46:0
EURGBP=R,0.8466,0.8473,0.8466,17496.0,2016-08-02,1:21:46:0
EURGBP=R,0.8466,0.8471,0.8466,17497.0,2016-08-02,1:21:46:0
EURGBP=R,0.8466,0.8471,0.8466,17498.0,2016-08-02,1:21:47:0
EURGBP=R,0.8466,0.8472,0.8466,17499.0,2016-08-02,1:21:47:0
EURGBP=R,0.8466,0.8473,0.8466,17500.0,2016-08-02,1:21:47:0
EURGBP=R,0.8467,0.8472,0.8467,17501.0,2016-08-02,1:21:47:0
EURGBP=R,0.8466,0.8473,0.8466,17502.0,2016-08-02,1:21:49:0
EURGBP=R,0.8466,0.8473,0.8466,17503.0,2016-08-02,1:21:51:0
EURGBP=R,0.8466,0.8473,0.8466,17504.0,2016-08-02,1:21:54:0
EURGBP=R,0.8466,0.8472,0.8466,17505.0,2016-08-02,1:21:54:0
EURGBP=R,0.8466,0.8471,0.8466,17506.0,2016-08-02,1:21:57:0
EURGBP=R,0.8466,0.8471,0.8466,17507.0,2016-08-02,1:21:59:0
EURGBP=R,0.8466,0.8473,0.8466,17508.0,2016-08-02,1:22:0:0
EURGBP=R,0.8466,0.847,0.8466,17509.0,2016-08-02,1:22:0:0
EURGBP=R,0.8467,0.8471,0.8467,17510.0,2016-08-02,1:22:1:0
EURGBP=R,0.8469,0.8471,0.8469,17511.0,2016-08-02,1:22:1:0
EURGBP=R,0.8467,0.8471,0.8467,17512.0,2016-08-02,1:22:1:0
EURGBP=R,0.8467,0.847,0.8467,17513.0,2016-08-02,1:22:1:0
EURGBP=R,0.8467,0.847,0.8467,17514.0,2016-08-02,1:22:2:0
EURGBP=R,0.8466,0.8471,0.8466,17515.0,2016-08-02,1:22:3:0
EURGBP=R,0.8466,0.8472,0.8466,17516.0,2016-08-02,1:22:3:0
EURGBP=R,0.8466,0.8472,0.8466,17517.0,2016-08-02,1:22:4:0
EURGBP=R,0.8467,0.8473,0.8467,17518.0,2016-08-02,1:22:4:0
EURGBP=R,0.8466,0.8473,0.8466,17519.0,2016-08-02,1:22:4:0
EURGBP=R,0.8467,0.8473,0.8467,17520.0,2016-08-02,1:22:5:0
EURGBP=R,0.8466,0.8472,0.8466,17521.0,2016-08-02,1:22:5:0
EURGBP=R,0.8466,0.8472,0.8466,17522.0,2016-08-02,1:22:5:0
EURGBP=R,0.8466,0.8471,0.8466,17523.0,2016-08-02,1:22:5:0
EURGBP=R,0.8466,0.8471,0.8466,17524.0,2016-08-02,1:22:5:0
EURGBP=R,0.8466,0.8472,0.8466,17525.0,2016-08-02,1:22:6:0
EURGBP=R,0.8467,0.8472,0.8467,17526.0,2016-08-02,1:22:6:0
EURGBP=R,0.8466,0.8473,0.8466,17527.0,2016-08-02,1:22:7:0
EURGBP=R,0.8466,0.8473,0.8466,17528.0,2016-08-02,1:22:8:0
EURGBP=R,0.8467,0.8471,0.8467,17529.0,2016-08-02,1:22:8:0
EURGBP=R,0.8469,0.8471,0.8469,17530.0,2016-08-02,1:22:9:0
EURGBP=R,0.8467,0.8472,0.8467,17531.0,2016-08-02,1:22:9:0
EURGBP=R,0.8466,0.8472,0.8466,17532.0,2016-08-02,1:22:9:0
EURGBP=R,0.8467,0.8471,0.8467,17533.0,2016-08-02,1:22:9:0
EURGBP=R,0.8467,0.8472,0.8467,17534.0,2016-08-02,1:22:9:0
EURGBP=R,0.8467,0.8472,0.8467,17535.0,2016-08-02,1:22:10:0
EURGBP=R,0.8467,0.8472,0.8467,17536.0,2016-08-02,1:22:10:0
EURGBP=R,0.8466,0.8471,0.8466,17537.0,2016-08-02,1:22:10:0
EURGBP=R,0.8466,0.8472,0.8466,17538.0,2016-08-02,1:22:10:0
EURGBP=R,0.8465,0.8473,0.8465,17539.0,2016-08-02,1:22:10:0
EURGBP=R,0.8466,0.8471,0.8466,17540.0,2016-08-02,1:22:11:0
EURGBP=R,0.8467,0.8472,0.8467,17541.0,2016-08-02,1:22:12:0
EURGBP=R,0.8467,0.8472,0.8467,17542.0,2016-08-02,1:22:13:0
EURGBP=R,0.8465,0.8473,0.8465,17543.0,2016-08-02,1:22:13:0
EURGBP=R,0.8465,0.8473,0.8465,17544.0,2016-08-02,1:22:14:0
EURGBP=R,0.8465,0.8473,0.8465,17545.0,2016-08-02,1:22:16:0
EURGBP=R,0.8467,0.8473,0.8467,17546.0,2016-08-02,1:22:16:0
EURGBP=R,0.8467,0.8473,0.8467,17547.0,2016-08-02,1:22:17:0
EURGBP=R,0.8468,0.8473,0.8468,17548.0,2016-08-02,1:22:18:0
EURGBP=R,0.8468,0.8472,0.8468,17549.0,2016-08-02,1:22:20:0
EURGBP=R,0.8468,0.8472,0.8468,17550.0,2016-08-02,1:22:21:0
EURGBP=R,0.8469,0.8472,0.8469,17551.0,2016-08-02,1:22:21:0
EURGBP=R,0.8469,0.8472,0.8469,17552.0,2016-08-02,1:22:24:0
EURGBP=R,0.8468,0.8472,0.8468,17553.0,2016-08-02,1:22:26:0
EURGBP=R,0.8467,0.8472,0.8467,17554.0,2016-08-02,1:22:26:0
EURGBP=R,0.8467,0.8472,0.8467,17555.0,2016-08-02,1:22:26:0
EURGBP=R,0.8467,0.8472,0.8467,17556.0,2016-08-02,1:22:26:0
EURGBP=R,0.8467,0.8472,0.8467,17557.0,2016-08-02,1:22:27:0
EURGBP=R,0.8467,0.8474,0.8467,17558.0,2016-08-02,1:22:30:0
EURGBP=R,0.8466,0.8473,0.8466,17559.0,2016-08-02,1:22:30:0
EURGBP=R,0.8467,0.8473,0.8467,17560.0,2016-08-02,1:22:31:0
EURGBP=R,0.8468,0.8471,0.8468,17561.0,2016-08-02,1:22:31:0
EURGBP=R,0.8468,0.8471,0.8468,17562.0,2016-08-02,1:22:32:0
EURGBP=R,0.8468,0.8473,0.8468,17563.0,2016-08-02,1:22:32:0
EURGBP=R,0.8468,0.8472,0.8468,17564.0,2016-08-02,1:22:33:0
EURGBP=R,0.8468,0.8473,0.8468,17565.0,2016-08-02,1:22:33:0
EURGBP=R,0.8468,0.8473,0.8468,17566.0,2016-08-02,1:22:33:0
EURGBP=R,0.8468,0.8473,0.8468,17567.0,2016-08-02,1:22:35:0
EURGBP=R,0.8469,0.8472,0.8469,17568.0,2016-08-02,1:22:35:0
EURGBP=R,0.8468,0.8473,0.8468,17569.0,2016-08-02,1:22:36:0
EURGBP=R,0.8468,0.8473,0.8468,17570.0,2016-08-02,1:22:37:0
EURGBP=R,0.8467,0.8472,0.8467,17571.0,2016-08-02,1:22:37:0
EURGBP=R,0.8467,0.8473,0.8467,17572.0,2016-08-02,1:22:37:0
EURGBP=R,0.8467,0.8473,0.8467,17573.0,2016-08-02,1:22:37:0
EURGBP=R,0.8468,0.8473,0.8468,17574.0,2016-08-02,1:22:37:0
EURGBP=R,0.8467,0.8473,0.8467,17575.0,2016-08-02,1:22:38:0
EURGBP=R,0.8467,0.8473,0.8467,17576.0,2016-08-02,1:22:38:0
EURGBP=R,0.8467,0.8472,0.8467,17577.0,2016-08-02,1:22:38:0
EURGBP=R,0.8467,0.8472,0.8467,17578.0,2016-08-02,1:22:39:0
EURGBP=R,0.8467,0.8473,0.8467,17579.0,2016-08-02,1:22:39:0
EURGBP=R,0.8465,0.8472,0.8465,17580.0,2016-08-02,1:22:40:0
EURGBP=R,0.8468,0.8473,0.8468,17581.0,2016-08-02,1:22:42:0
EURGBP=R,0.8466,0.8472,0.8466,17582.0,2016-08-02,1:22:42:0
EURGBP=R,0.8465,0.8472,0.8465,17583.0,2016-08-02,1:22:42:0
EURGBP=R,0.8466,0.8473,0.8466,17584.0,2016-08-02,1:22:42:0
EURGBP=R,0.8466,0.8472,0.8466,17585.0,2016-08-02,1:22:43:0
EURGBP=R,0.8467,0.8471,0.8467,17586.0,2016-08-02,1:22:43:0
EURGBP=R,0.8466,0.8472,0.8466,17587.0,2016-08-02,1:22:43:0
EURGBP=R,0.8466,0.8473,0.8466,17588.0,2016-08-02,1:22:45:0
EURGBP=R,0.8466,0.8471,0.8466,17589.0,2016-08-02,1:22:45:0
EURGBP=R,0.8466,0.8472,0.8466,17590.0,2016-08-02,1:22:46:0
EURGBP=R,0.8467,0.8472,0.8467,17591.0,2016-08-02,1:22:47:0
EURGBP=R,0.8468,0.8473,0.8468,17592.0,2016-08-02,1:22:47:0
EURGBP=R,0.8466,0.8473,0.8466,17593.0,2016-08-02,1:22:48:0
EURGBP=R,0.8466,0.8473,0.8466,17594.0,2016-08-02,1:22:48:0
EURGBP=R,0.8466,0.8473,0.8466,17595.0,2016-08-02,1:22:49:0
EURGBP=R,0.8466,0.8473,0.8466,17596.0,2016-08-02,1:22:49:0
EURGBP=R,0.8466,0.8473,0.8466,17597.0,2016-08-02,1:22:56:0
EURGBP=R,0.8467,0.8473,0.8467,17598.0,2016-08-02,1:22:57:0
EURGBP=R,0.8466,0.8473,0.8466,17599.0,2016-08-02,1:22:57:0
EURGBP=R,0.8466,0.8474,0.8466,17600.0,2016-08-02,1:22:57:0
EURGBP=R,0.8466,0.8473,0.8466,17601.0,2016-08-02,1:22:58:0
EURGBP=R,0.8466,0.8473,0.8466,17602.0,2016-08-02,1:23:0:0
EURGBP=R,0.8467,0.8473,0.8467,17603.0,2016-08-02,1:23:0:0
EURGBP=R,0.8467,0.8473,0.8467,17604.0,2016-08-02,1:23:0:0
EURGBP=R,0.8467,0.8473,0.8467,17605.0,2016-08-02,1:23:1:0
EURGBP=R,0.8468,0.8473,0.8468,17606.0,2016-08-02,1:23:1:0
EURGBP=R,0.8468,0.8472,0.8468,17607.0,2016-08-02,1:23:1:0
EURGBP=R,0.8469,0.8471,0.8469,17608.0,2016-08-02,1:23:2:0
EURGBP=R,0.8468,0.8472,0.8468,17609.0,2016-08-02,1:23:2:0
EURGBP=R,0.8468,0.8473,0.8468,17610.0,2016-08-02,1:23:3:0
EURGBP=R,0.8469,0.8472,0.8469,17611.0,2016-08-02,1:23:4:0
EURGBP=R,0.8469,0.8471,0.8469,17612.0,2016-08-02,1:23:4:0
EURGBP=R,0.8469,0.8471,0.8469,17613.0,2016-08-02,1:23:4:0
EURGBP=R,0.8467,0.8472,0.8467,17614.0,2016-08-02,1:23:5:0
EURGBP=R,0.8466,0.8472,0.8466,17615.0,2016-08-02,1:23:5:0
EURGBP=R,0.8467,0.8473,0.8467,17616.0,2016-08-02,1:23:5:0
EURGBP=R,0.8466,0.8473,0.8466,17617.0,2016-08-02,1:23:6:0
EURGBP=R,0.8466,0.8473,0.8466,17618.0,2016-08-02,1:23:6:0
EURGBP=R,0.8466,0.8471,0.8466,17619.0,2016-08-02,1:23:6:0
EURGBP=R,0.8466,0.8472,0.8466,17620.0,2016-08-02,1:23:7:0
EURGBP=R,0.8466,0.8471,0.8466,17621.0,2016-08-02,1:23:7:0
EURGBP=R,0.8466,0.8473,0.8466,17622.0,2016-08-02,1:23:9:0
EURGBP=R,0.8466,0.8472,0.8466,17623.0,2016-08-02,1:23:11:0
EURGBP=R,0.8466,0.8472,0.8466,17624.0,2016-08-02,1:23:11:0
EURGBP=R,0.8466,0.8472,0.8466,17625.0,2016-08-02,1:23:12:0
EURGBP=R,0.8466,0.8473,0.8466,17626.0,2016-08-02,1:23:12:0
EURGBP=R,0.8466,0.8473,0.8466,17627.0,2016-08-02,1:23:13:0
EURGBP=R,0.8466,0.8472,0.8466,17628.0,2016-08-02,1:23:15:0
EURGBP=R,0.8468,0.8473,0.8468,17629.0,2016-08-02,1:23:15:0
EURGBP=R,0.8466,0.8473,0.8466,17630.0,2016-08-02,1:23:15:0
EURGBP=R,0.8467,0.8473,0.8467,17631.0,2016-08-02,1:23:16:0
EURGBP=R,0.8467,0.8472,0.8467,17632.0,2016-08-02,1:23:17:0
EURGBP=R,0.8466,0.8473,0.8466,17633.0,2016-08-02,1:23:18:0
EURGBP=R,0.8466,0.8473,0.8466,17634.0,2016-08-02,1:23:20:0
EURGBP=R,0.8467,0.8473,0.8467,17635.0,2016-08-02,1:23:21:0
EURGBP=R,0.8466,0.8473,0.8466,17636.0,2016-08-02,1:23:21:0
EURGBP=R,0.8467,0.8473,0.8467,17637.0,2016-08-02,1:23:21:0
EURGBP=R,0.8466,0.8473,0.8466,17638.0,2016-08-02,1:23:21:0
EURGBP=R,0.8466,0.8473,0.8466,17639.0,2016-08-02,1:23:23:0
EURGBP=R,0.8466,0.8473,0.8466,17640.0,2016-08-02,1:23:24:0
EURGBP=R,0.8466,0.8473,0.8466,17641.0,2016-08-02,1:23:25:0
EURGBP=R,0.8466,0.8473,0.8466,17642.0,2016-08-02,1:23:26:0
EURGBP=R,0.8467,0.8473,0.8467,17643.0,2016-08-02,1:23:27:0
EURGBP=R,0.8466,0.8474,0.8466,17644.0,2016-08-02,1:23:27:0
EURGBP=R,0.8466,0.8473,0.8466,17645.0,2016-08-02,1:23:28:0
EURGBP=R,0.8467,0.8473,0.8467,17646.0,2016-08-02,1:23:29:0
EURGBP=R,0.8466,0.8473,0.8466,17647.0,2016-08-02,1:23:30:0
EURGBP=R,0.8466,0.8473,0.8466,17648.0,2016-08-02,1:23:30:0
EURGBP=R,0.8466,0.8472,0.8466,17649.0,2016-08-02,1:23:30:0
EURGBP=R,0.8467,0.8472,0.8467,17650.0,2016-08-02,1:23:30:0
EURGBP=R,0.8466,0.8473,0.8466,17651.0,2016-08-02,1:23:31:0
EURGBP=R,0.8467,0.8473,0.8467,17652.0,2016-08-02,1:23:31:0
EURGBP=R,0.8467,0.8473,0.8467,17653.0,2016-08-02,1:23:31:0
EURGBP=R,0.8467,0.8473,0.8467,17654.0,2016-08-02,1:23:31:0
EURGBP=R,0.8467,0.8473,0.8467,17655.0,2016-08-02,1:23:32:0
EURGBP=R,0.8467,0.8473,0.8467,17656.0,2016-08-02,1:23:33:0
EURGBP=R,0.8468,0.8473,0.8468,17657.0,2016-08-02,1:23:34:0
EURGBP=R,0.8468,0.8472,0.8468,17658.0,2016-08-02,1:23:34:0
EURGBP=R,0.8467,0.8473,0.8467,17659.0,2016-08-02,1:23:34:0
EURGBP=R,0.8467,0.8473,0.8467,17660.0,2016-08-02,1:23:35:0
EURGBP=R,0.8467,0.8473,0.8467,17661.0,2016-08-02,1:23:36:0
EURGBP=R,0.8467,0.8473,0.8467,17662.0,2016-08-02,1:23:36:0
EURGBP=R,0.8467,0.8473,0.8467,17663.0,2016-08-02,1:23:37:0
EURGBP=R,0.8467,0.8473,0.8467,17664.0,2016-08-02,1:23:37:0
EURGBP=R,0.8467,0.8473,0.8467,17665.0,2016-08-02,1:23:37:0
EURGBP=R,0.8467,0.8473,0.8467,17666.0,2016-08-02,1:23:39:0
EURGBP=R,0.8467,0.8473,0.8467,17667.0,2016-08-02,1:23:42:0
EURGBP=R,0.8467,0.8473,0.8467,17668.0,2016-08-02,1:23:44:0
EURGBP=R,0.8467,0.8473,0.8467,17669.0,2016-08-02,1:23:45:0
EURGBP=R,0.8467,0.8473,0.8467,17670.0,2016-08-02,1:23:45:0
EURGBP=R,0.8467,0.8473,0.8467,17671.0,2016-08-02,1:23:46:0
EURGBP=R,0.8467,0.8473,0.8467,17672.0,2016-08-02,1:23:46:0
EURGBP=R,0.8467,0.8473,0.8467,17673.0,2016-08-02,1:23:49:0
EURGBP=R,0.8467,0.8473,0.8467,17674.0,2016-08-02,1:23:50:0
EURGBP=R,0.8467,0.8473,0.8467,17675.0,2016-08-02,1:23:51:0
EURGBP=R,0.8467,0.8473,0.8467,17676.0,2016-08-02,1:23:52:0
EURGBP=R,0.8466,0.8472,0.8466,17677.0,2016-08-02,1:23:52:0
EURGBP=R,0.8466,0.8471,0.8466,17678.0,2016-08-02,1:23:52:0
EURGBP=R,0.8466,0.8471,0.8466,17679.0,2016-08-02,1:23:53:0
EURGBP=R,0.8466,0.8471,0.8466,17680.0,2016-08-02,1:23:54:0
EURGBP=R,0.8466,0.8471,0.8466,17681.0,2016-08-02,1:23:55:0
EURGBP=R,0.8467,0.8471,0.8467,17682.0,2016-08-02,1:23:56:0
EURGBP=R,0.8466,0.8471,0.8466,17683.0,2016-08-02,1:23:57:0
EURGBP=R,0.8466,0.8472,0.8466,17684.0,2016-08-02,1:23:57:0
EURGBP=R,0.8466,0.8473,0.8466,17685.0,2016-08-02,1:23:57:0
EURGBP=R,0.8467,0.8473,0.8467,17686.0,2016-08-02,1:23:57:0
EURGBP=R,0.8467,0.8473,0.8467,17687.0,2016-08-02,1:23:57:0
EURGBP=R,0.8467,0.8473,0.8467,17688.0,2016-08-02,1:23:58:0
EURGBP=R,0.8466,0.8473,0.8466,17689.0,2016-08-02,1:23:58:0
EURGBP=R,0.8467,0.8473,0.8467,17690.0,2016-08-02,1:23:58:0
EURGBP=R,0.8467,0.8472,0.8467,17691.0,2016-08-02,1:23:59:0
EURGBP=R,0.8467,0.8472,0.8467,17692.0,2016-08-02,1:23:59:0
EURGBP=R,0.8466,0.8473,0.8466,17693.0,2016-08-02,1:24:0:0
EURGBP=R,0.8467,0.8472,0.8467,17694.0,2016-08-02,1:24:0:0
EURGBP=R,0.8467,0.8472,0.8467,17695.0,2016-08-02,1:24:0:0
EURGBP=R,0.8468,0.8471,0.8468,17696.0,2016-08-02,1:24:1:0
EURGBP=R,0.8468,0.8471,0.8468,17697.0,2016-08-02,1:24:1:0
EURGBP=R,0.8468,0.8471,0.8468,17698.0,2016-08-02,1:24:1:0
EURGBP=R,0.8467,0.847,0.8467,17699.0,2016-08-02,1:24:1:0
EURGBP=R,0.8467,0.847,0.8467,17700.0,2016-08-02,1:24:2:0
EURGBP=R,0.8465,0.8472,0.8465,17701.0,2016-08-02,1:24:3:0
EURGBP=R,0.8466,0.8472,0.8466,17702.0,2016-08-02,1:24:3:0
EURGBP=R,0.8468,0.8471,0.8468,17703.0,2016-08-02,1:24:4:0
EURGBP=R,0.8468,0.8473,0.8468,17704.0,2016-08-02,1:24:4:0
EURGBP=R,0.8467,0.8473,0.8467,17705.0,2016-08-02,1:24:4:0
EURGBP=R,0.8467,0.8473,0.8467,17706.0,2016-08-02,1:24:4:0
EURGBP=R,0.8467,0.8473,0.8467,17707.0,2016-08-02,1:24:5:0
EURGBP=R,0.8467,0.8473,0.8467,17708.0,2016-08-02,1:24:5:0
EURGBP=R,0.8466,0.8473,0.8466,17709.0,2016-08-02,1:24:6:0
EURGBP=R,0.8466,0.8473,0.8466,17710.0,2016-08-02,1:24:7:0
EURGBP=R,0.8466,0.8473,0.8466,17711.0,2016-08-02,1:24:7:0
EURGBP=R,0.8467,0.8473,0.8467,17712.0,2016-08-02,1:24:7:0
EURGBP=R,0.8468,0.8473,0.8468,17713.0,2016-08-02,1:24:8:0
EURGBP=R,0.8468,0.8473,0.8468,17714.0,2016-08-02,1:24:9:0
EURGBP=R,0.8468,0.8473,0.8468,17715.0,2016-08-02,1:24:9:0
EURGBP=R,0.8466,0.8473,0.8466,17716.0,2016-08-02,1:24:10:0
EURGBP=R,0.8467,0.8472,0.8467,17717.0,2016-08-02,1:24:11:0
EURGBP=R,0.8467,0.8473,0.8467,17718.0,2016-08-02,1:24:11:0
EURGBP=R,0.8466,0.8473,0.8466,17719.0,2016-08-02,1:24:12:0
EURGBP=R,0.8467,0.8472,0.8467,17720.0,2016-08-02,1:24:12:0
EURGBP=R,0.8467,0.8472,0.8467,17721.0,2016-08-02,1:24:13:0
EURGBP=R,0.8467,0.8472,0.8467,17722.0,2016-08-02,1:24:14:0
EURGBP=R,0.8466,0.8472,0.8466,17723.0,2016-08-02,1:24:16:0
EURGBP=R,0.8466,0.8472,0.8466,17724.0,2016-08-02,1:24:18:0
EURGBP=R,0.8467,0.8472,0.8467,17725.0,2016-08-02,1:24:18:0
EURGBP=R,0.8467,0.8472,0.8467,17726.0,2016-08-02,1:24:20:0
EURGBP=R,0.8467,0.8472,0.8467,17727.0,2016-08-02,1:24:23:0
EURGBP=R,0.8467,0.8471,0.8467,17728.0,2016-08-02,1:24:23:0
EURGBP=R,0.8466,0.8473,0.8466,17729.0,2016-08-02,1:24:24:0
EURGBP=R,0.8467,0.8471,0.8467,17730.0,2016-08-02,1:24:25:0
EURGBP=R,0.8467,0.8471,0.8467,17731.0,2016-08-02,1:24:26:0
EURGBP=R,0.8467,0.8473,0.8467,17732.0,2016-08-02,1:24:27:0
EURGBP=R,0.8466,0.8473,0.8466,17733.0,2016-08-02,1:24:27:0
EURGBP=R,0.8466,0.8472,0.8466,17734.0,2016-08-02,1:24:28:0
EURGBP=R,0.8466,0.8471,0.8466,17735.0,2016-08-02,1:24:29:0
EURGBP=R,0.8466,0.8471,0.8466,17736.0,2016-08-02,1:24:29:0
EURGBP=R,0.8467,0.8473,0.8467,17737.0,2016-08-02,1:24:30:0
EURGBP=R,0.8467,0.8473,0.8467,17738.0,2016-08-02,1:24:30:0
EURGBP=R,0.8467,0.8473,0.8467,17739.0,2016-08-02,1:24:31:0
EURGBP=R,0.8467,0.8472,0.8467,17740.0,2016-08-02,1:24:33:0
EURGBP=R,0.8467,0.8473,0.8467,17741.0,2016-08-02,1:24:34:0
EURGBP=R,0.8467,0.8473,0.8467,17742.0,2016-08-02,1:24:35:0
EURGBP=R,0.8467,0.8473,0.8467,17743.0,2016-08-02,1:24:37:0
EURGBP=R,0.8466,0.8473,0.8466,17744.0,2016-08-02,1:24:40:0
EURGBP=R,0.8466,0.8473,0.8466,17745.0,2016-08-02,1:24:41:0
EURGBP=R,0.8466,0.8473,0.8466,17746.0,2016-08-02,1:24:45:0
EURGBP=R,0.8467,0.8473,0.8467,17747.0,2016-08-02,1:24:45:0
EURGBP=R,0.8467,0.8473,0.8467,17748.0,2016-08-02,1:24:45:0
EURGBP=R,0.8466,0.8472,0.8466,17749.0,2016-08-02,1:24:45:0
EURGBP=R,0.8467,0.8473,0.8467,17750.0,2016-08-02,1:24:46:0
EURGBP=R,0.8467,0.8473,0.8467,17751.0,2016-08-02,1:24:46:0
EURGBP=R,0.8466,0.8473,0.8466,17752.0,2016-08-02,1:24:47:0
EURGBP=R,0.8466,0.8473,0.8466,17753.0,2016-08-02,1:24:50:0
EURGBP=R,0.8466,0.8473,0.8466,17754.0,2016-08-02,1:24:51:0
EURGBP=R,0.8466,0.8472,0.8466,17755.0,2016-08-02,1:24:54:0
EURGBP=R,0.8466,0.8472,0.8466,17756.0,2016-08-02,1:24:57:0
EURGBP=R,0.8466,0.8471,0.8466,17757.0,2016-08-02,1:24:59:0
EURGBP=R,0.8466,0.8473,0.8466,17758.0,2016-08-02,1:25:0:0
EURGBP=R,0.8466,0.8471,0.8466,17759.0,2016-08-02,1:25:1:0
EURGBP=R,0.8466,0.8474,0.8466,17760.0,2016-08-02,1:25:1:0
EURGBP=R,0.8468,0.8472,0.8468,17761.0,2016-08-02,1:25:2:0
EURGBP=R,0.8467,0.8472,0.8467,17762.0,2016-08-02,1:25:3:0
EURGBP=R,0.8467,0.8473,0.8467,17763.0,2016-08-02,1:25:5:0
EURGBP=R,0.8467,0.8472,0.8467,17764.0,2016-08-02,1:25:6:0
EURGBP=R,0.8467,0.8471,0.8467,17765.0,2016-08-02,1:25:8:0
EURGBP=R,0.8467,0.8471,0.8467,17766.0,2016-08-02,1:25:13:0
EURGBP=R,0.8466,0.8473,0.8466,17767.0,2016-08-02,1:25:15:0
EURGBP=R,0.8466,0.8473,0.8466,17768.0,2016-08-02,1:25:16:0
EURGBP=R,0.8467,0.8473,0.8467,17769.0,2016-08-02,1:25:17:0
EURGBP=R,0.8466,0.8473,0.8466,17770.0,2016-08-02,1:25:18:0
EURGBP=R,0.8467,0.8473,0.8467,17771.0,2016-08-02,1:25:18:0
EURGBP=R,0.8467,0.8473,0.8467,17772.0,2016-08-02,1:25:22:0
EURGBP=R,0.8467,0.8472,0.8467,17773.0,2016-08-02,1:25:22:0
EURGBP=R,0.8467,0.8472,0.8467,17774.0,2016-08-02,1:25:23:0
EURGBP=R,0.8467,0.8471,0.8467,17775.0,2016-08-02,1:25:25:0
EURGBP=R,0.8467,0.8471,0.8467,17776.0,2016-08-02,1:25:28:0
EURGBP=R,0.8467,0.8471,0.8467,17777.0,2016-08-02,1:25:29:0
EURGBP=R,0.8466,0.8471,0.8466,17778.0,2016-08-02,1:25:29:0
EURGBP=R,0.8467,0.8473,0.8467,17779.0,2016-08-02,1:25:30:0
EURGBP=R,0.8466,0.8473,0.8466,17780.0,2016-08-02,1:25:31:0
EURGBP=R,0.8466,0.8471,0.8466,17781.0,2016-08-02,1:25:31:0
EURGBP=R,0.8467,0.8473,0.8467,17782.0,2016-08-02,1:25:31:0
EURGBP=R,0.8467,0.8472,0.8467,17783.0,2016-08-02,1:25:33:0
EURGBP=R,0.8466,0.8473,0.8466,17784.0,2016-08-02,1:25:33:0
EURGBP=R,0.8466,0.8473,0.8466,17785.0,2016-08-02,1:25:34:0
EURGBP=R,0.8466,0.8473,0.8466,17786.0,2016-08-02,1:25:37:0
EURGBP=R,0.8466,0.8473,0.8466,17787.0,2016-08-02,1:25:37:0
EURGBP=R,0.8467,0.8471,0.8467,17788.0,2016-08-02,1:25:41:0
EURGBP=R,0.8467,0.8471,0.8467,17789.0,2016-08-02,1:25:44:0
EURGBP=R,0.8466,0.8471,0.8466,17790.0,2016-08-02,1:25:45:0
EURGBP=R,0.8466,0.8471,0.8466,17791.0,2016-08-02,1:25:46:0
EURGBP=R,0.8466,0.8471,0.8466,17792.0,2016-08-02,1:25:51:0
EURGBP=R,0.8466,0.8471,0.8466,17793.0,2016-08-02,1:25:52:0
EURGBP=R,0.8466,0.8471,0.8466,17794.0,2016-08-02,1:25:53:0
EURGBP=R,0.8467,0.8473,0.8467,17795.0,2016-08-02,1:25:53:0
EURGBP=R,0.8466,0.8471,0.8466,17796.0,2016-08-02,1:25:53:0
EURGBP=R,0.8466,0.8471,0.8466,17797.0,2016-08-02,1:25:55:0
EURGBP=R,0.8466,0.8471,0.8466,17798.0,2016-08-02,1:25:58:0
EURGBP=R,0.8466,0.847,0.8466,17799.0,2016-08-02,1:25:59:0
EURGBP=R,0.8467,0.8473,0.8467,17800.0,2016-08-02,1:26:0:0
EURGBP=R,0.8468,0.8472,0.8468,17801.0,2016-08-02,1:26:1:0
EURGBP=R,0.8468,0.8472,0.8468,17802.0,2016-08-02,1:26:1:0
EURGBP=R,0.8467,0.8473,0.8467,17803.0,2016-08-02,1:26:2:0
EURGBP=R,0.8467,0.8472,0.8467,17804.0,2016-08-02,1:26:3:0
EURGBP=R,0.8467,0.8472,0.8467,17805.0,2016-08-02,1:26:4:0
EURGBP=R,0.8467,0.8472,0.8467,17806.0,2016-08-02,1:26:5:0
EURGBP=R,0.8467,0.8471,0.8467,17807.0,2016-08-02,1:26:8:0
EURGBP=R,0.8467,0.8471,0.8467,17808.0,2016-08-02,1:26:9:0
EURGBP=R,0.8467,0.8473,0.8467,17809.0,2016-08-02,1:26:11:0
EURGBP=R,0.8468,0.8472,0.8468,17810.0,2016-08-02,1:26:11:0
EURGBP=R,0.8468,0.8472,0.8468,17811.0,2016-08-02,1:26:12:0
EURGBP=R,0.8467,0.8473,0.8467,17812.0,2016-08-02,1:26:13:0
EURGBP=R,0.8466,0.8473,0.8466,17813.0,2016-08-02,1:26:13:0
EURGBP=R,0.8466,0.8473,0.8466,17814.0,2016-08-02,1:26:13:0
EURGBP=R,0.8467,0.8473,0.8467,17815.0,2016-08-02,1:26:13:0
EURGBP=R,0.8467,0.8473,0.8467,17816.0,2016-08-02,1:26:14:0
EURGBP=R,0.8467,0.8473,0.8467,17817.0,2016-08-02,1:26:15:0
EURGBP=R,0.8467,0.8471,0.8467,17818.0,2016-08-02,1:26:15:0
EURGBP=R,0.8467,0.8471,0.8467,17819.0,2016-08-02,1:26:18:0
EURGBP=R,0.8466,0.8471,0.8466,17820.0,2016-08-02,1:26:18:0
EURGBP=R,0.8466,0.8471,0.8466,17821.0,2016-08-02,1:26:18:0
EURGBP=R,0.8466,0.8471,0.8466,17822.0,2016-08-02,1:26:20:0
EURGBP=R,0.8466,0.8471,0.8466,17823.0,2016-08-02,1:26:21:0
EURGBP=R,0.8466,0.8471,0.8466,17824.0,2016-08-02,1:26:21:0
EURGBP=R,0.8466,0.8471,0.8466,17825.0,2016-08-02,1:26:24:0
EURGBP=R,0.8466,0.8471,0.8466,17826.0,2016-08-02,1:26:25:0
EURGBP=R,0.8466,0.8471,0.8466,17827.0,2016-08-02,1:26:26:0
EURGBP=R,0.8466,0.8471,0.8466,17828.0,2016-08-02,1:26:27:0
EURGBP=R,0.8466,0.8471,0.8466,17829.0,2016-08-02,1:26:27:0
EURGBP=R,0.8466,0.8471,0.8466,17830.0,2016-08-02,1:26:28:0
EURGBP=R,0.8467,0.847,0.8467,17831.0,2016-08-02,1:26:30:0
EURGBP=R,0.8466,0.8471,0.8466,17832.0,2016-08-02,1:26:30:0
EURGBP=R,0.8466,0.8471,0.8466,17833.0,2016-08-02,1:26:34:0
EURGBP=R,0.8466,0.847,0.8466,17834.0,2016-08-02,1:26:35:0
EURGBP=R,0.8467,0.847,0.8467,17835.0,2016-08-02,1:26:36:0
EURGBP=R,0.8466,0.8469,0.8466,17836.0,2016-08-02,1:26:38:0
EURGBP=R,0.8467,0.847,0.8467,17837.0,2016-08-02,1:26:38:0
EURGBP=R,0.8466,0.847,0.8466,17838.0,2016-08-02,1:26:39:0
EURGBP=R,0.8466,0.847,0.8466,17839.0,2016-08-02,1:26:40:0
EURGBP=R,0.8466,0.847,0.8466,17840.0,2016-08-02,1:26:41:0
EURGBP=R,0.8466,0.847,0.8466,17841.0,2016-08-02,1:26:42:0
EURGBP=R,0.8466,0.847,0.8466,17842.0,2016-08-02,1:26:44:0
EURGBP=R,0.8466,0.847,0.8466,17843.0,2016-08-02,1:26:44:0
EURGBP=R,0.8466,0.847,0.8466,17844.0,2016-08-02,1:26:45:0
EURGBP=R,0.8466,0.847,0.8466,17845.0,2016-08-02,1:26:47:0
EURGBP=R,0.8466,0.847,0.8466,17846.0,2016-08-02,1:26:52:0
EURGBP=R,0.8466,0.847,0.8466,17847.0,2016-08-02,1:26:52:0
EURGBP=R,0.8466,0.8469,0.8466,17848.0,2016-08-02,1:27:0:0
EURGBP=R,0.8466,0.847,0.8466,17849.0,2016-08-02,1:27:0:0
EURGBP=R,0.8466,0.8469,0.8466,17850.0,2016-08-02,1:27:1:0
EURGBP=R,0.8467,0.8469,0.8467,17851.0,2016-08-02,1:27:1:0
EURGBP=R,0.8468,0.8471,0.8468,17852.0,2016-08-02,1:27:2:0
EURGBP=R,0.8468,0.8471,0.8468,17853.0,2016-08-02,1:27:2:0
EURGBP=R,0.8468,0.8472,0.8468,17854.0,2016-08-02,1:27:2:0
EURGBP=R,0.8467,0.8472,0.8467,17855.0,2016-08-02,1:27:3:0
EURGBP=R,0.8467,0.8472,0.8467,17856.0,2016-08-02,1:27:3:0
EURGBP=R,0.8468,0.8472,0.8468,17857.0,2016-08-02,1:27:3:0
EURGBP=R,0.8468,0.8472,0.8468,17858.0,2016-08-02,1:27:5:0
EURGBP=R,0.8468,0.8472,0.8468,17859.0,2016-08-02,1:27:5:0
EURGBP=R,0.8467,0.8473,0.8467,17860.0,2016-08-02,1:27:5:0
EURGBP=R,0.8466,0.8473,0.8466,17861.0,2016-08-02,1:27:6:0
EURGBP=R,0.8467,0.8473,0.8467,17862.0,2016-08-02,1:27:6:0
EURGBP=R,0.8467,0.8473,0.8467,17863.0,2016-08-02,1:27:6:0
EURGBP=R,0.8467,0.8473,0.8467,17864.0,2016-08-02,1:27:7:0
EURGBP=R,0.8466,0.8473,0.8466,17865.0,2016-08-02,1:27:7:0
EURGBP=R,0.8466,0.8473,0.8466,17866.0,2016-08-02,1:27:8:0
EURGBP=R,0.8467,0.8473,0.8467,17867.0,2016-08-02,1:27:8:0
EURGBP=R,0.8467,0.8473,0.8467,17868.0,2016-08-02,1:27:9:0
EURGBP=R,0.8468,0.8473,0.8468,17869.0,2016-08-02,1:27:12:0
EURGBP=R,0.8468,0.8473,0.8468,17870.0,2016-08-02,1:27:13:0
EURGBP=R,0.8468,0.8473,0.8468,17871.0,2016-08-02,1:27:13:0
EURGBP=R,0.8468,0.8472,0.8468,17872.0,2016-08-02,1:27:14:0
EURGBP=R,0.8467,0.8473,0.8467,17873.0,2016-08-02,1:27:15:0
EURGBP=R,0.8467,0.8473,0.8467,17874.0,2016-08-02,1:27:16:0
EURGBP=R,0.8467,0.8473,0.8467,17875.0,2016-08-02,1:27:22:0
EURGBP=R,0.8466,0.8473,0.8466,17876.0,2016-08-02,1:27:22:0
EURGBP=R,0.8466,0.8473,0.8466,17877.0,2016-08-02,1:27:24:0
EURGBP=R,0.8466,0.8472,0.8466,17878.0,2016-08-02,1:27:24:0
EURGBP=R,0.8466,0.8473,0.8466,17879.0,2016-08-02,1:27:27:0
EURGBP=R,0.8466,0.8473,0.8466,17880.0,2016-08-02,1:27:28:0
EURGBP=R,0.8466,0.8473,0.8466,17881.0,2016-08-02,1:27:29:0
EURGBP=R,0.8466,0.8473,0.8466,17882.0,2016-08-02,1:27:30:0
EURGBP=R,0.8467,0.8473,0.8467,17883.0,2016-08-02,1:27:30:0
EURGBP=R,0.8467,0.8473,0.8467,17884.0,2016-08-02,1:27:30:0
EURGBP=R,0.8468,0.8472,0.8468,17885.0,2016-08-02,1:27:31:0
EURGBP=R,0.8467,0.8472,0.8467,17886.0,2016-08-02,1:27:31:0
EURGBP=R,0.8467,0.8473,0.8467,17887.0,2016-08-02,1:27:31:0
EURGBP=R,0.8467,0.8473,0.8467,17888.0,2016-08-02,1:27:32:0
EURGBP=R,0.8468,0.8472,0.8468,17889.0,2016-08-02,1:27:32:0
EURGBP=R,0.8467,0.8472,0.8467,17890.0,2016-08-02,1:27:32:0
EURGBP=R,0.8467,0.8472,0.8467,17891.0,2016-08-02,1:27:33:0
EURGBP=R,0.8466,0.8471,0.8466,17892.0,2016-08-02,1:27:33:0
EURGBP=R,0.8465,0.8472,0.8465,17893.0,2016-08-02,1:27:34:0
EURGBP=R,0.8465,0.8471,0.8465,17894.0,2016-08-02,1:27:36:0
EURGBP=R,0.8465,0.8472,0.8465,17895.0,2016-08-02,1:27:37:0
EURGBP=R,0.8465,0.8472,0.8465,17896.0,2016-08-02,1:27:38:0
EURGBP=R,0.8465,0.8472,0.8465,17897.0,2016-08-02,1:27:42:0
EURGBP=R,0.8465,0.8471,0.8465,17898.0,2016-08-02,1:27:46:0
EURGBP=R,0.8465,0.8472,0.8465,17899.0,2016-08-02,1:27:47:0
EURGBP=R,0.8466,0.8471,0.8466,17900.0,2016-08-02,1:27:47:0
EURGBP=R,0.8466,0.8471,0.8466,17901.0,2016-08-02,1:27:49:0
EURGBP=R,0.8468,0.8471,0.8468,17902.0,2016-08-02,1:27:51:0
EURGBP=R,0.8468,0.8471,0.8468,17903.0,2016-08-02,1:27:52:0
EURGBP=R,0.8468,0.8471,0.8468,17904.0,2016-08-02,1:27:52:0
EURGBP=R,0.8467,0.8472,0.8467,17905.0,2016-08-02,1:27:53:0
EURGBP=R,0.8467,0.8471,0.8467,17906.0,2016-08-02,1:27:53:0
EURGBP=R,0.8467,0.8472,0.8467,17907.0,2016-08-02,1:27:53:0
EURGBP=R,0.8467,0.8472,0.8467,17908.0,2016-08-02,1:27:54:0
EURGBP=R,0.8467,0.8471,0.8467,17909.0,2016-08-02,1:27:54:0
EURGBP=R,0.8466,0.847,0.8466,17910.0,2016-08-02,1:27:56:0
EURGBP=R,0.8466,0.847,0.8466,17911.0,2016-08-02,1:27:57:0
EURGBP=R,0.8467,0.8472,0.8467,17912.0,2016-08-02,1:27:58:0
EURGBP=R,0.8467,0.8473,0.8467,17913.0,2016-08-02,1:27:58:0
EURGBP=R,0.8467,0.8473,0.8467,17914.0,2016-08-02,1:27:58:0
EURGBP=R,0.8467,0.8473,0.8467,17915.0,2016-08-02,1:27:59:0
EURGBP=R,0.8467,0.8473,0.8467,17916.0,2016-08-02,1:27:59:0
EURGBP=R,0.8467,0.8473,0.8467,17917.0,2016-08-02,1:28:0:0
EURGBP=R,0.8467,0.8473,0.8467,17918.0,2016-08-02,1:28:0:0
EURGBP=R,0.8467,0.8473,0.8467,17919.0,2016-08-02,1:28:0:0
EURGBP=R,0.8467,0.8473,0.8467,17920.0,2016-08-02,1:28:0:0
EURGBP=R,0.8467,0.8473,0.8467,17921.0,2016-08-02,1:28:0:0
EURGBP=R,0.8467,0.8472,0.8467,17922.0,2016-08-02,1:28:1:0
EURGBP=R,0.8469,0.8471,0.8469,17923.0,2016-08-02,1:28:1:0
EURGBP=R,0.8467,0.8472,0.8467,17924.0,2016-08-02,1:28:1:0
EURGBP=R,0.8467,0.8472,0.8467,17925.0,2016-08-02,1:28:2:0
EURGBP=R,0.8467,0.8473,0.8467,17926.0,2016-08-02,1:28:2:0
EURGBP=R,0.8467,0.8473,0.8467,17927.0,2016-08-02,1:28:3:0
EURGBP=R,0.8467,0.8473,0.8467,17928.0,2016-08-02,1:28:3:0
EURGBP=R,0.8467,0.8473,0.8467,17929.0,2016-08-02,1:28:5:0
EURGBP=R,0.8467,0.8473,0.8467,17930.0,2016-08-02,1:28:6:0
EURGBP=R,0.8467,0.8473,0.8467,17931.0,2016-08-02,1:28:8:0
EURGBP=R,0.8467,0.8473,0.8467,17932.0,2016-08-02,1:28:9:0
EURGBP=R,0.8466,0.8473,0.8466,17933.0,2016-08-02,1:28:12:0
EURGBP=R,0.8466,0.8473,0.8466,17934.0,2016-08-02,1:28:15:0
EURGBP=R,0.8466,0.8473,0.8466,17935.0,2016-08-02,1:28:17:0
EURGBP=R,0.8466,0.8473,0.8466,17936.0,2016-08-02,1:28:17:0
EURGBP=R,0.8467,0.8473,0.8467,17937.0,2016-08-02,1:28:18:0
EURGBP=R,0.8469,0.8471,0.8469,17938.0,2016-08-02,1:28:18:0
EURGBP=R,0.8468,0.8472,0.8468,17939.0,2016-08-02,1:28:19:0
EURGBP=R,0.8468,0.8472,0.8468,17940.0,2016-08-02,1:28:19:0
EURGBP=R,0.8469,0.8471,0.8469,17941.0,2016-08-02,1:28:19:0
EURGBP=R,0.8469,0.8471,0.8469,17942.0,2016-08-02,1:28:19:0
EURGBP=R,0.8467,0.847,0.8467,17943.0,2016-08-02,1:28:23:0
EURGBP=R,0.8468,0.8472,0.8468,17944.0,2016-08-02,1:28:24:0
EURGBP=R,0.8467,0.8471,0.8467,17945.0,2016-08-02,1:28:24:0
EURGBP=R,0.8467,0.8471,0.8467,17946.0,2016-08-02,1:28:25:0
EURGBP=R,0.8467,0.8471,0.8467,17947.0,2016-08-02,1:28:26:0
EURGBP=R,0.8465,0.8473,0.8465,17948.0,2016-08-02,1:28:27:0
EURGBP=R,0.8466,0.8473,0.8466,17949.0,2016-08-02,1:28:27:0
EURGBP=R,0.8466,0.8473,0.8466,17950.0,2016-08-02,1:28:27:0
EURGBP=R,0.8465,0.8473,0.8465,17951.0,2016-08-02,1:28:29:0
EURGBP=R,0.8465,0.8473,0.8465,17952.0,2016-08-02,1:28:29:0
EURGBP=R,0.8465,0.8472,0.8465,17953.0,2016-08-02,1:28:29:0
EURGBP=R,0.8467,0.8472,0.8467,17954.0,2016-08-02,1:28:30:0
EURGBP=R,0.8465,0.8472,0.8465,17955.0,2016-08-02,1:28:31:0
EURGBP=R,0.8465,0.8472,0.8465,17956.0,2016-08-02,1:28:34:0
EURGBP=R,0.8465,0.8472,0.8465,17957.0,2016-08-02,1:28:34:0
EURGBP=R,0.8465,0.8472,0.8465,17958.0,2016-08-02,1:28:34:0
EURGBP=R,0.8465,0.8473,0.8465,17959.0,2016-08-02,1:28:34:0
EURGBP=R,0.8465,0.8473,0.8465,17960.0,2016-08-02,1:28:35:0
EURGBP=R,0.8465,0.8473,0.8465,17961.0,2016-08-02,1:28:36:0
EURGBP=R,0.8465,0.8473,0.8465,17962.0,2016-08-02,1:28:37:0
EURGBP=R,0.8465,0.8472,0.8465,17963.0,2016-08-02,1:28:38:0
EURGBP=R,0.8465,0.8472,0.8465,17964.0,2016-08-02,1:28:40:0
EURGBP=R,0.8465,0.8472,0.8465,17965.0,2016-08-02,1:28:41:0
EURGBP=R,0.8465,0.8472,0.8465,17966.0,2016-08-02,1:28:46:0
EURGBP=R,0.8465,0.8471,0.8465,17967.0,2016-08-02,1:28:47:0
EURGBP=R,0.8465,0.8471,0.8465,17968.0,2016-08-02,1:28:48:0
EURGBP=R,0.8465,0.8471,0.8465,17969.0,2016-08-02,1:28:49:0
EURGBP=R,0.8465,0.8471,0.8465,17970.0,2016-08-02,1:28:49:0
EURGBP=R,0.8465,0.8471,0.8465,17971.0,2016-08-02,1:28:50:0
EURGBP=R,0.8466,0.8472,0.8466,17972.0,2016-08-02,1:28:50:0
EURGBP=R,0.8467,0.8473,0.8467,17973.0,2016-08-02,1:28:51:0
EURGBP=R,0.8467,0.8473,0.8467,17974.0,2016-08-02,1:28:52:0
EURGBP=R,0.8467,0.8473,0.8467,17975.0,2016-08-02,1:28:52:0
EURGBP=R,0.8467,0.8473,0.8467,17976.0,2016-08-02,1:28:57:0
EURGBP=R,0.8467,0.8473,0.8467,17977.0,2016-08-02,1:29:0:0
EURGBP=R,0.8467,0.8472,0.8467,17978.0,2016-08-02,1:29:0:0
EURGBP=R,0.8466,0.8472,0.8466,17979.0,2016-08-02,1:29:0:0
EURGBP=R,0.8467,0.8471,0.8467,17980.0,2016-08-02,1:29:1:0
EURGBP=R,0.8466,0.8471,0.8466,17981.0,2016-08-02,1:29:1:0
EURGBP=R,0.8466,0.8471,0.8466,17982.0,2016-08-02,1:29:1:0
EURGBP=R,0.8467,0.8471,0.8467,17983.0,2016-08-02,1:29:1:0
EURGBP=R,0.8469,0.847,0.8469,17984.0,2016-08-02,1:29:2:0
EURGBP=R,0.8467,0.8471,0.8467,17985.0,2016-08-02,1:29:3:0
EURGBP=R,0.8466,0.8471,0.8466,17986.0,2016-08-02,1:29:3:0
EURGBP=R,0.8467,0.8471,0.8467,17987.0,2016-08-02,1:29:3:0
EURGBP=R,0.8466,0.8471,0.8466,17988.0,2016-08-02,1:29:3:0
EURGBP=R,0.8466,0.8471,0.8466,17989.0,2016-08-02,1:29:5:0
EURGBP=R,0.8466,0.8471,0.8466,17990.0,2016-08-02,1:29:5:0
EURGBP=R,0.8466,0.8471,0.8466,17991.0,2016-08-02,1:29:6:0
EURGBP=R,0.8467,0.8471,0.8467,17992.0,2016-08-02,1:29:6:0
EURGBP=R,0.8467,0.8472,0.8467,17993.0,2016-08-02,1:29:9:0
EURGBP=R,0.8465,0.8471,0.8465,17994.0,2016-08-02,1:29:9:0
EURGBP=R,0.8467,0.8471,0.8467,17995.0,2016-08-02,1:29:9:0
EURGBP=R,0.8467,0.8471,0.8467,17996.0,2016-08-02,1:29:11:0
EURGBP=R,0.8467,0.8471,0.8467,17997.0,2016-08-02,1:29:11:0
EURGBP=R,0.8468,0.8471,0.8468,17998.0,2016-08-02,1:29:11:0
EURGBP=R,0.8467,0.8471,0.8467,17999.0,2016-08-02,1:29:12:0
EURGBP=R,0.8467,0.8471,0.8467,18000.0,2016-08-02,1:29:12:0
EURGBP=R,0.8468,0.847,0.8468,18001.0,2016-08-02,1:29:12:0
EURGBP=R,0.8467,0.8471,0.8467,18002.0,2016-08-02,1:29:13:0
EURGBP=R,0.8468,0.8471,0.8468,18003.0,2016-08-02,1:29:13:0
EURGBP=R,0.8469,0.8471,0.8469,18004.0,2016-08-02,1:29:16:0
EURGBP=R,0.8468,0.8473,0.8468,18005.0,2016-08-02,1:29:19:0
EURGBP=R,0.8467,0.8471,0.8467,18006.0,2016-08-02,1:29:19:0
EURGBP=R,0.8467,0.8471,0.8467,18007.0,2016-08-02,1:29:20:0
EURGBP=R,0.8468,0.8473,0.8468,18008.0,2016-08-02,1:29:20:0
EURGBP=R,0.8468,0.8473,0.8468,18009.0,2016-08-02,1:29:21:0
EURGBP=R,0.8468,0.8473,0.8468,18010.0,2016-08-02,1:29:21:0
EURGBP=R,0.8467,0.8472,0.8467,18011.0,2016-08-02,1:29:21:0
EURGBP=R,0.8468,0.8473,0.8468,18012.0,2016-08-02,1:29:21:0
EURGBP=R,0.8467,0.8472,0.8467,18013.0,2016-08-02,1:29:22:0
EURGBP=R,0.8467,0.8472,0.8467,18014.0,2016-08-02,1:29:22:0
EURGBP=R,0.8467,0.8472,0.8467,18015.0,2016-08-02,1:29:23:0
EURGBP=R,0.8467,0.8472,0.8467,18016.0,2016-08-02,1:29:24:0
EURGBP=R,0.8468,0.8472,0.8468,18017.0,2016-08-02,1:29:25:0
EURGBP=R,0.8467,0.8472,0.8467,18018.0,2016-08-02,1:29:25:0
EURGBP=R,0.8466,0.8471,0.8466,18019.0,2016-08-02,1:29:25:0
EURGBP=R,0.8465,0.8472,0.8465,18020.0,2016-08-02,1:29:25:0
EURGBP=R,0.8466,0.8472,0.8466,18021.0,2016-08-02,1:29:25:0
EURGBP=R,0.8466,0.8472,0.8466,18022.0,2016-08-02,1:29:26:0
EURGBP=R,0.8466,0.8472,0.8466,18023.0,2016-08-02,1:29:26:0
EURGBP=R,0.8466,0.8471,0.8466,18024.0,2016-08-02,1:29:26:0
EURGBP=R,0.8466,0.8471,0.8466,18025.0,2016-08-02,1:29:26:0
EURGBP=R,0.8465,0.8473,0.8465,18026.0,2016-08-02,1:29:28:0
EURGBP=R,0.8466,0.8472,0.8466,18027.0,2016-08-02,1:29:29:0
EURGBP=R,0.8467,0.8472,0.8467,18028.0,2016-08-02,1:29:30:0
EURGBP=R,0.8465,0.8473,0.8465,18029.0,2016-08-02,1:29:30:0
EURGBP=R,0.8466,0.8473,0.8466,18030.0,2016-08-02,1:29:30:0
EURGBP=R,0.8466,0.8472,0.8466,18031.0,2016-08-02,1:29:30:0
EURGBP=R,0.8467,0.8472,0.8467,18032.0,2016-08-02,1:29:30:0
EURGBP=R,0.8467,0.8471,0.8467,18033.0,2016-08-02,1:29:31:0
EURGBP=R,0.8467,0.8471,0.8467,18034.0,2016-08-02,1:29:33:0
EURGBP=R,0.8466,0.8471,0.8466,18035.0,2016-08-02,1:29:35:0
EURGBP=R,0.8465,0.8473,0.8465,18036.0,2016-08-02,1:29:35:0
EURGBP=R,0.8466,0.8472,0.8466,18037.0,2016-08-02,1:29:35:0
EURGBP=R,0.8467,0.8472,0.8467,18038.0,2016-08-02,1:29:36:0
EURGBP=R,0.8467,0.8472,0.8467,18039.0,2016-08-02,1:29:36:0
EURGBP=R,0.8467,0.8472,0.8467,18040.0,2016-08-02,1:29:37:0
EURGBP=R,0.8466,0.8471,0.8466,18041.0,2016-08-02,1:29:37:0
EURGBP=R,0.8464,0.8472,0.8464,18042.0,2016-08-02,1:29:37:0
EURGBP=R,0.8466,0.8471,0.8466,18043.0,2016-08-02,1:29:38:0
EURGBP=R,0.8466,0.8471,0.8466,18044.0,2016-08-02,1:29:39:0
EURGBP=R,0.8464,0.8472,0.8464,18045.0,2016-08-02,1:29:40:0
EURGBP=R,0.8464,0.8472,0.8464,18046.0,2016-08-02,1:29:40:0
EURGBP=R,0.8464,0.8472,0.8464,18047.0,2016-08-02,1:29:43:0
EURGBP=R,0.8464,0.8472,0.8464,18048.0,2016-08-02,1:29:45:0
EURGBP=R,0.8465,0.8471,0.8465,18049.0,2016-08-02,1:29:47:0
EURGBP=R,0.8466,0.8471,0.8466,18050.0,2016-08-02,1:29:50:0
EURGBP=R,0.8464,0.8472,0.8464,18051.0,2016-08-02,1:29:50:0
EURGBP=R,0.8464,0.8471,0.8464,18052.0,2016-08-02,1:29:51:0
EURGBP=R,0.8465,0.8472,0.8465,18053.0,2016-08-02,1:29:53:0
EURGBP=R,0.8465,0.8472,0.8465,18054.0,2016-08-02,1:29:54:0
EURGBP=R,0.8466,0.8472,0.8466,18055.0,2016-08-02,1:29:55:0
EURGBP=R,0.8466,0.8472,0.8466,18056.0,2016-08-02,1:29:55:0
EURGBP=R,0.8466,0.8471,0.8466,18057.0,2016-08-02,1:29:59:0
EURGBP=R,0.8465,0.8473,0.8465,18058.0,2016-08-02,1:30:0:0
EURGBP=R,0.8466,0.8471,0.8466,18059.0,2016-08-02,1:30:0:0
EURGBP=R,0.8467,0.8471,0.8467,18060.0,2016-08-02,1:30:1:0
EURGBP=R,0.8469,0.847,0.8469,18061.0,2016-08-02,1:30:1:0
EURGBP=R,0.8467,0.8472,0.8467,18062.0,2016-08-02,1:30:1:0
EURGBP=R,0.8468,0.8471,0.8468,18063.0,2016-08-02,1:30:2:0
EURGBP=R,0.8467,0.8471,0.8467,18064.0,2016-08-02,1:30:2:0
EURGBP=R,0.8465,0.8471,0.8465,18065.0,2016-08-02,1:30:2:0
EURGBP=R,0.8465,0.8472,0.8465,18066.0,2016-08-02,1:30:2:0
EURGBP=R,0.8465,0.8472,0.8465,18067.0,2016-08-02,1:30:3:0
EURGBP=R,0.8465,0.8472,0.8465,18068.0,2016-08-02,1:30:4:0
EURGBP=R,0.8465,0.8472,0.8465,18069.0,2016-08-02,1:30:4:0
EURGBP=R,0.8465,0.8472,0.8465,18070.0,2016-08-02,1:30:7:0
EURGBP=R,0.8465,0.8472,0.8465,18071.0,2016-08-02,1:30:8:0
EURGBP=R,0.8464,0.8471,0.8464,18072.0,2016-08-02,1:30:8:0
EURGBP=R,0.8466,0.8471,0.8466,18073.0,2016-08-02,1:30:8:0
EURGBP=R,0.8466,0.8471,0.8466,18074.0,2016-08-02,1:30:9:0
EURGBP=R,0.8466,0.8471,0.8466,18075.0,2016-08-02,1:30:9:0
EURGBP=R,0.8466,0.8471,0.8466,18076.0,2016-08-02,1:30:9:0
EURGBP=R,0.8464,0.8471,0.8464,18078.0,2016-08-02,1:30:9:0
EURGBP=R,0.8464,0.8471,0.8464,18078.0,2016-08-02,1:30:9:0
EURGBP=R,0.8464,0.8471,0.8464,18079.0,2016-08-02,1:30:10:0
EURGBP=R,0.8466,0.8471,0.8466,18080.0,2016-08-02,1:30:10:0
EURGBP=R,0.8464,0.8472,0.8464,18081.0,2016-08-02,1:30:11:0
EURGBP=R,0.8464,0.8472,0.8464,18082.0,2016-08-02,1:30:11:0
EURGBP=R,0.8465,0.8472,0.8465,18083.0,2016-08-02,1:30:12:0
EURGBP=R,0.8465,0.8471,0.8465,18084.0,2016-08-02,1:30:12:0
EURGBP=R,0.8464,0.8471,0.8464,18085.0,2016-08-02,1:30:13:0
EURGBP=R,0.8466,0.8471,0.8466,18086.0,2016-08-02,1:30:13:0
EURGBP=R,0.8466,0.8471,0.8466,18087.0,2016-08-02,1:30:13:0
EURGBP=R,0.8466,0.8471,0.8466,18088.0,2016-08-02,1:30:13:0
EURGBP=R,0.8465,0.8472,0.8465,18089.0,2016-08-02,1:30:14:0
EURGBP=R,0.8465,0.8472,0.8465,18090.0,2016-08-02,1:30:14:0
EURGBP=R,0.8465,0.8472,0.8465,18091.0,2016-08-02,1:30:15:0
EURGBP=R,0.8465,0.8472,0.8465,18092.0,2016-08-02,1:30:16:0
EURGBP=R,0.8465,0.8472,0.8465,18093.0,2016-08-02,1:30:17:0
EURGBP=R,0.8467,0.8472,0.8467,18094.0,2016-08-02,1:30:18:0
EURGBP=R,0.8467,0.8472,0.8467,18095.0,2016-08-02,1:30:18:0
EURGBP=R,0.8466,0.8472,0.8466,18096.0,2016-08-02,1:30:18:0
EURGBP=R,0.8466,0.8472,0.8466,18097.0,2016-08-02,1:30:18:0
EURGBP=R,0.8465,0.8472,0.8465,18098.0,2016-08-02,1:30:18:0
EURGBP=R,0.8466,0.8471,0.8466,18099.0,2016-08-02,1:30:18:0
EURGBP=R,0.8466,0.8471,0.8466,18100.0,2016-08-02,1:30:21:0
EURGBP=R,0.8466,0.8471,0.8466,18101.0,2016-08-02,1:30:22:0
EURGBP=R,0.8466,0.8471,0.8466,18102.0,2016-08-02,1:30:22:0
EURGBP=R,0.8465,0.8472,0.8465,18103.0,2016-08-02,1:30:22:0
EURGBP=R,0.8465,0.8472,0.8465,18104.0,2016-08-02,1:30:23:0
EURGBP=R,0.8465,0.8472,0.8465,18105.0,2016-08-02,1:30:23:0
EURGBP=R,0.8465,0.8472,0.8465,18106.0,2016-08-02,1:30:24:0
EURGBP=R,0.8465,0.8472,0.8465,18107.0,2016-08-02,1:30:25:0
EURGBP=R,0.8466,0.8471,0.8466,18108.0,2016-08-02,1:30:25:0
EURGBP=R,0.8465,0.8472,0.8465,18109.0,2016-08-02,1:30:25:0
EURGBP=R,0.8465,0.8472,0.8465,18110.0,2016-08-02,1:30:26:0
EURGBP=R,0.8465,0.8472,0.8465,18111.0,2016-08-02,1:30:26:0
EURGBP=R,0.8466,0.8471,0.8466,18112.0,2016-08-02,1:30:26:0
EURGBP=R,0.8465,0.8472,0.8465,18113.0,2016-08-02,1:30:28:0
EURGBP=R,0.8466,0.8471,0.8466,18114.0,2016-08-02,1:30:28:0
EURGBP=R,0.8466,0.8471,0.8466,18115.0,2016-08-02,1:30:28:0
EURGBP=R,0.8466,0.8471,0.8466,18116.0,2016-08-02,1:30:29:0
EURGBP=R,0.8466,0.8471,0.8466,18117.0,2016-08-02,1:30:30:0
EURGBP=R,0.8466,0.8471,0.8466,18118.0,2016-08-02,1:30:30:0
EURGBP=R,0.8466,0.8471,0.8466,18119.0,2016-08-02,1:30:30:0
EURGBP=R,0.8465,0.8472,0.8465,18120.0,2016-08-02,1:30:31:0
EURGBP=R,0.8465,0.8472,0.8465,18121.0,2016-08-02,1:30:32:0
EURGBP=R,0.8466,0.8471,0.8466,18122.0,2016-08-02,1:30:32:0
EURGBP=R,0.8465,0.8471,0.8465,18123.0,2016-08-02,1:30:32:0
EURGBP=R,0.8466,0.8472,0.8466,18124.0,2016-08-02,1:30:32:0
EURGBP=R,0.8466,0.8473,0.8466,18125.0,2016-08-02,1:30:33:0
EURGBP=R,0.8466,0.8473,0.8466,18126.0,2016-08-02,1:30:34:0
EURGBP=R,0.8465,0.8473,0.8465,18127.0,2016-08-02,1:30:35:0
EURGBP=R,0.8465,0.8473,0.8465,18128.0,2016-08-02,1:30:37:0
EURGBP=R,0.8465,0.8473,0.8465,18129.0,2016-08-02,1:30:39:0
EURGBP=R,0.8465,0.8473,0.8465,18130.0,2016-08-02,1:30:39:0
EURGBP=R,0.8466,0.8473,0.8466,18131.0,2016-08-02,1:30:40:0
EURGBP=R,0.8466,0.8472,0.8466,18132.0,2016-08-02,1:30:40:0
EURGBP=R,0.8466,0.8471,0.8466,18133.0,2016-08-02,1:30:40:0
EURGBP=R,0.8464,0.8472,0.8464,18134.0,2016-08-02,1:30:42:0
EURGBP=R,0.8465,0.8472,0.8465,18135.0,2016-08-02,1:30:42:0
EURGBP=R,0.8465,0.8472,0.8465,18136.0,2016-08-02,1:30:45:0
EURGBP=R,0.8466,0.8471,0.8466,18137.0,2016-08-02,1:30:47:0
EURGBP=R,0.8466,0.8471,0.8466,18138.0,2016-08-02,1:30:49:0
EURGBP=R,0.8466,0.8471,0.8466,18139.0,2016-08-02,1:30:49:0
EURGBP=R,0.8465,0.8472,0.8465,18140.0,2016-08-02,1:30:50:0
EURGBP=R,0.8466,0.8471,0.8466,18141.0,2016-08-02,1:30:54:0
EURGBP=R,0.8464,0.8472,0.8464,18142.0,2016-08-02,1:30:55:0
EURGBP=R,0.8465,0.8473,0.8465,18143.0,2016-08-02,1:30:55:0
EURGBP=R,0.8466,0.8471,0.8466,18144.0,2016-08-02,1:30:55:0
EURGBP=R,0.8466,0.8471,0.8466,18145.0,2016-08-02,1:30:56:0
EURGBP=R,0.8466,0.8471,0.8466,18146.0,2016-08-02,1:30:56:0
EURGBP=R,0.8466,0.8471,0.8466,18147.0,2016-08-02,1:30:56:0
EURGBP=R,0.8465,0.8472,0.8465,18148.0,2016-08-02,1:30:57:0
EURGBP=R,0.8466,0.8471,0.8466,18149.0,2016-08-02,1:30:57:0
EURGBP=R,0.8466,0.8471,0.8466,18150.0,2016-08-02,1:30:58:0
EURGBP=R,0.8466,0.8471,0.8466,18151.0,2016-08-02,1:30:58:0
EURGBP=R,0.8466,0.8473,0.8466,18152.0,2016-08-02,1:31:0:0
EURGBP=R,0.8466,0.8473,0.8466,18153.0,2016-08-02,1:31:0:0
EURGBP=R,0.8466,0.8473,0.8466,18154.0,2016-08-02,1:31:0:0
EURGBP=R,0.8465,0.8472,0.8465,18155.0,2016-08-02,1:31:0:0
EURGBP=R,0.8465,0.8472,0.8465,18156.0,2016-08-02,1:31:1:0
EURGBP=R,0.8467,0.8469,0.8467,18158.0,2016-08-02,1:31:1:0
EURGBP=R,0.8467,0.8469,0.8467,18158.0,2016-08-02,1:31:1:0
EURGBP=R,0.8467,0.8471,0.8467,18159.0,2016-08-02,1:31:2:0
EURGBP=R,0.8466,0.8471,0.8466,18160.0,2016-08-02,1:31:3:0
EURGBP=R,0.8466,0.8472,0.8466,18161.0,2016-08-02,1:31:3:0
EURGBP=R,0.8466,0.847,0.8466,18162.0,2016-08-02,1:31:3:0
EURGBP=R,0.8466,0.8473,0.8466,18163.0,2016-08-02,1:31:3:0
EURGBP=R,0.8465,0.8472,0.8465,18164.0,2016-08-02,1:31:3:0
EURGBP=R,0.8466,0.8471,0.8466,18165.0,2016-08-02,1:31:4:0
EURGBP=R,0.8466,0.8471,0.8466,18166.0,2016-08-02,1:31:5:0
EURGBP=R,0.8465,0.8472,0.8465,18167.0,2016-08-02,1:31:5:0
EURGBP=R,0.8466,0.8473,0.8466,18168.0,2016-08-02,1:31:7:0
EURGBP=R,0.8466,0.8473,0.8466,18169.0,2016-08-02,1:31:9:0
EURGBP=R,0.8466,0.8472,0.8466,18170.0,2016-08-02,1:31:9:0
EURGBP=R,0.8466,0.8473,0.8466,18171.0,2016-08-02,1:31:9:0
EURGBP=R,0.8465,0.8473,0.8465,18172.0,2016-08-02,1:31:12:0
EURGBP=R,0.8465,0.8472,0.8465,18173.0,2016-08-02,1:31:13:0
EURGBP=R,0.8465,0.8472,0.8465,18174.0,2016-08-02,1:31:14:0
EURGBP=R,0.8465,0.8473,0.8465,18175.0,2016-08-02,1:31:14:0
EURGBP=R,0.8466,0.8472,0.8466,18176.0,2016-08-02,1:31:15:0
EURGBP=R,0.8465,0.8473,0.8465,18177.0,2016-08-02,1:31:16:0
EURGBP=R,0.8466,0.8471,0.8466,18178.0,2016-08-02,1:31:16:0
EURGBP=R,0.8465,0.8473,0.8465,18179.0,2016-08-02,1:31:18:0
EURGBP=R,0.8465,0.8473,0.8465,18180.0,2016-08-02,1:31:19:0
EURGBP=R,0.8465,0.8473,0.8465,18181.0,2016-08-02,1:31:19:0
EURGBP=R,0.8466,0.8471,0.8466,18182.0,2016-08-02,1:31:19:0
EURGBP=R,0.8466,0.8471,0.8466,18183.0,2016-08-02,1:31:22:0
EURGBP=R,0.8466,0.8472,0.8466,18184.0,2016-08-02,1:31:22:0
EURGBP=R,0.8466,0.8471,0.8466,18185.0,2016-08-02,1:31:28:0
EURGBP=R,0.8465,0.8472,0.8465,18186.0,2016-08-02,1:31:28:0
EURGBP=R,0.8466,0.8471,0.8466,18187.0,2016-08-02,1:31:28:0
EURGBP=R,0.8465,0.8473,0.8465,18188.0,2016-08-02,1:31:28:0
EURGBP=R,0.8465,0.8473,0.8465,18189.0,2016-08-02,1:31:28:0
EURGBP=R,0.8466,0.8471,0.8466,18190.0,2016-08-02,1:31:29:0
EURGBP=R,0.8466,0.8472,0.8466,18191.0,2016-08-02,1:31:29:0
EURGBP=R,0.8466,0.8471,0.8466,18192.0,2016-08-02,1:31:29:0
EURGBP=R,0.8465,0.8473,0.8465,18193.0,2016-08-02,1:31:30:0
EURGBP=R,0.8465,0.8472,0.8465,18194.0,2016-08-02,1:31:33:0
EURGBP=R,0.8466,0.8471,0.8466,18195.0,2016-08-02,1:31:34:0
EURGBP=R,0.8467,0.8471,0.8467,18196.0,2016-08-02,1:31:36:0
EURGBP=R,0.8467,0.8471,0.8467,18197.0,2016-08-02,1:31:38:0
EURGBP=R,0.8467,0.8471,0.8467,18198.0,2016-08-02,1:31:38:0
EURGBP=R,0.8466,0.8471,0.8466,18200.0,2016-08-02,1:31:38:0
EURGBP=R,0.8466,0.8471,0.8466,18200.0,2016-08-02,1:31:38:0
EURGBP=R,0.8465,0.8471,0.8465,18201.0,2016-08-02,1:31:39:0
EURGBP=R,0.8466,0.8471,0.8466,18202.0,2016-08-02,1:31:39:0
EURGBP=R,0.8465,0.8471,0.8465,18203.0,2016-08-02,1:31:39:0
EURGBP=R,0.8466,0.847,0.8466,18204.0,2016-08-02,1:31:40:0
EURGBP=R,0.8465,0.8471,0.8465,18205.0,2016-08-02,1:31:41:0
EURGBP=R,0.8466,0.8471,0.8466,18206.0,2016-08-02,1:31:44:0
EURGBP=R,0.8465,0.8471,0.8465,18207.0,2016-08-02,1:31:44:0
EURGBP=R,0.8464,0.8471,0.8464,18208.0,2016-08-02,1:31:44:0
EURGBP=R,0.8464,0.8471,0.8464,18209.0,2016-08-02,1:31:44:0
EURGBP=R,0.8465,0.8472,0.8465,18210.0,2016-08-02,1:31:45:0
EURGBP=R,0.8465,0.8472,0.8465,18211.0,2016-08-02,1:31:45:0
EURGBP=R,0.8465,0.8472,0.8465,18212.0,2016-08-02,1:31:45:0
EURGBP=R,0.8465,0.8472,0.8465,18213.0,2016-08-02,1:31:46:0
EURGBP=R,0.8465,0.8472,0.8465,18214.0,2016-08-02,1:31:46:0
EURGBP=R,0.8465,0.8472,0.8465,18215.0,2016-08-02,1:31:47:0
EURGBP=R,0.8465,0.8472,0.8465,18216.0,2016-08-02,1:31:48:0
EURGBP=R,0.8464,0.8471,0.8464,18217.0,2016-08-02,1:31:49:0
EURGBP=R,0.8464,0.8471,0.8464,18218.0,2016-08-02,1:31:50:0
EURGBP=R,0.8464,0.8471,0.8464,18219.0,2016-08-02,1:31:51:0
EURGBP=R,0.8464,0.8471,0.8464,18220.0,2016-08-02,1:31:51:0
EURGBP=R,0.8465,0.8472,0.8465,18221.0,2016-08-02,1:31:51:0
EURGBP=R,0.8465,0.8472,0.8465,18222.0,2016-08-02,1:31:53:0
EURGBP=R,0.8465,0.8472,0.8465,18223.0,2016-08-02,1:31:53:0
EURGBP=R,0.8465,0.8472,0.8465,18225.0,2016-08-02,1:31:54:0
EURGBP=R,0.8465,0.8472,0.8465,18225.0,2016-08-02,1:31:54:0
EURGBP=R,0.8465,0.8472,0.8465,18226.0,2016-08-02,1:31:54:0
EURGBP=R,0.8465,0.8472,0.8465,18227.0,2016-08-02,1:31:54:0
EURGBP=R,0.8465,0.8472,0.8465,18228.0,2016-08-02,1:31:55:0
EURGBP=R,0.8465,0.8472,0.8465,18229.0,2016-08-02,1:31:56:0
EURGBP=R,0.8465,0.8472,0.8465,18230.0,2016-08-02,1:31:56:0
EURGBP=R,0.8465,0.8472,0.8465,18231.0,2016-08-02,1:31:56:0
EURGBP=R,0.8466,0.8472,0.8466,18232.0,2016-08-02,1:31:57:0
EURGBP=R,0.8467,0.8471,0.8467,18233.0,2016-08-02,1:31:58:0
EURGBP=R,0.8467,0.847,0.8467,18234.0,2016-08-02,1:31:58:0
EURGBP=R,0.8468,0.8472,0.8468,18235.0,2016-08-02,1:31:58:0
EURGBP=R,0.8467,0.8472,0.8467,18236.0,2016-08-02,1:31:59:0
EURGBP=R,0.8465,0.8472,0.8465,18237.0,2016-08-02,1:31:59:0
EURGBP=R,0.8465,0.8473,0.8465,18238.0,2016-08-02,1:31:59:0
EURGBP=R,0.8466,0.8472,0.8466,18239.0,2016-08-02,1:32:0:0
EURGBP=R,0.8466,0.8472,0.8466,18240.0,2016-08-02,1:32:0:0
EURGBP=R,0.8467,0.8471,0.8467,18241.0,2016-08-02,1:32:0:0
EURGBP=R,0.8467,0.8471,0.8467,18242.0,2016-08-02,1:32:0:0
EURGBP=R,0.8467,0.8471,0.8467,18243.0,2016-08-02,1:32:1:0
EURGBP=R,0.8467,0.8469,0.8467,18244.0,2016-08-02,1:32:1:0
EURGBP=R,0.8467,0.8471,0.8467,18245.0,2016-08-02,1:32:1:0
EURGBP=R,0.8466,0.8471,0.8466,18246.0,2016-08-02,1:32:1:0
EURGBP=R,0.8465,0.8472,0.8465,18247.0,2016-08-02,1:32:1:0
EURGBP=R,0.8466,0.8472,0.8466,18248.0,2016-08-02,1:32:2:0
EURGBP=R,0.8466,0.8472,0.8466,18249.0,2016-08-02,1:32:2:0
EURGBP=R,0.8466,0.8472,0.8466,18250.0,2016-08-02,1:32:3:0
EURGBP=R,0.8466,0.8472,0.8466,18251.0,2016-08-02,1:32:3:0
EURGBP=R,0.8465,0.8472,0.8465,18252.0,2016-08-02,1:32:4:0
EURGBP=R,0.8465,0.8472,0.8465,18253.0,2016-08-02,1:32:4:0
EURGBP=R,0.8466,0.8472,0.8466,18254.0,2016-08-02,1:32:4:0
EURGBP=R,0.8466,0.8471,0.8466,18255.0,2016-08-02,1:32:6:0
EURGBP=R,0.8466,0.8471,0.8466,18256.0,2016-08-02,1:32:7:0
EURGBP=R,0.8465,0.8471,0.8465,18257.0,2016-08-02,1:32:7:0
EURGBP=R,0.8465,0.8471,0.8465,18258.0,2016-08-02,1:32:8:0
EURGBP=R,0.8466,0.8471,0.8466,18259.0,2016-08-02,1:32:8:0
EURGBP=R,0.8466,0.8471,0.8466,18260.0,2016-08-02,1:32:9:0
EURGBP=R,0.8465,0.847,0.8465,18261.0,2016-08-02,1:32:10:0
EURGBP=R,0.8466,0.847,0.8466,18262.0,2016-08-02,1:32:10:0
EURGBP=R,0.8465,0.8469,0.8465,18263.0,2016-08-02,1:32:11:0
EURGBP=R,0.8467,0.8471,0.8467,18264.0,2016-08-02,1:32:12:0
EURGBP=R,0.8467,0.8471,0.8467,18265.0,2016-08-02,1:32:12:0
EURGBP=R,0.8467,0.8471,0.8467,18266.0,2016-08-02,1:32:13:0
EURGBP=R,0.8467,0.8471,0.8467,18267.0,2016-08-02,1:32:13:0
EURGBP=R,0.8466,0.847,0.8466,18268.0,2016-08-02,1:32:13:0
EURGBP=R,0.8465,0.8471,0.8465,18269.0,2016-08-02,1:32:13:0
EURGBP=R,0.8465,0.8471,0.8465,18271.0,2016-08-02,1:32:13:0
EURGBP=R,0.8465,0.8471,0.8465,18271.0,2016-08-02,1:32:13:0
EURGBP=R,0.8465,0.8471,0.8465,18272.0,2016-08-02,1:32:15:0
EURGBP=R,0.8466,0.8472,0.8466,18273.0,2016-08-02,1:32:15:0
EURGBP=R,0.8466,0.8472,0.8466,18274.0,2016-08-02,1:32:15:0
EURGBP=R,0.8466,0.847,0.8466,18275.0,2016-08-02,1:32:15:0
EURGBP=R,0.8466,0.8472,0.8466,18276.0,2016-08-02,1:32:15:0
EURGBP=R,0.8466,0.8472,0.8466,18277.0,2016-08-02,1:32:16:0
EURGBP=R,0.8467,0.8472,0.8467,18278.0,2016-08-02,1:32:16:0
EURGBP=R,0.8466,0.8472,0.8466,18279.0,2016-08-02,1:32:16:0
EURGBP=R,0.8466,0.8472,0.8466,18280.0,2016-08-02,1:32:17:0
EURGBP=R,0.8465,0.8472,0.8465,18281.0,2016-08-02,1:32:17:0
EURGBP=R,0.8467,0.8472,0.8467,18282.0,2016-08-02,1:32:17:0
EURGBP=R,0.8466,0.8473,0.8466,18283.0,2016-08-02,1:32:17:0
EURGBP=R,0.8465,0.8472,0.8465,18284.0,2016-08-02,1:32:17:0
EURGBP=R,0.8466,0.8472,0.8466,18285.0,2016-08-02,1:32:18:0
EURGBP=R,0.8466,0.8472,0.8466,18286.0,2016-08-02,1:32:19:0
EURGBP=R,0.8466,0.8472,0.8466,18287.0,2016-08-02,1:32:19:0
EURGBP=R,0.8466,0.8472,0.8466,18288.0,2016-08-02,1:32:19:0
EURGBP=R,0.8466,0.8472,0.8466,18289.0,2016-08-02,1:32:19:0
EURGBP=R,0.8465,0.8472,0.8465,18290.0,2016-08-02,1:32:19:0
EURGBP=R,0.8466,0.8471,0.8466,18291.0,2016-08-02,1:32:21:0
EURGBP=R,0.8465,0.8472,0.8465,18292.0,2016-08-02,1:32:21:0
EURGBP=R,0.8466,0.8472,0.8466,18293.0,2016-08-02,1:32:21:0
EURGBP=R,0.8466,0.8472,0.8466,18294.0,2016-08-02,1:32:22:0
EURGBP=R,0.8465,0.8473,0.8465,18295.0,2016-08-02,1:32:22:0
EURGBP=R,0.8465,0.8473,0.8465,18296.0,2016-08-02,1:32:22:0
EURGBP=R,0.8465,0.8473,0.8465,18297.0,2016-08-02,1:32:22:0
EURGBP=R,0.8467,0.8472,0.8467,18298.0,2016-08-02,1:32:23:0
EURGBP=R,0.8466,0.8472,0.8466,18299.0,2016-08-02,1:32:24:0
EURGBP=R,0.8465,0.8472,0.8465,18300.0,2016-08-02,1:32:24:0
EURGBP=R,0.8466,0.8472,0.8466,18301.0,2016-08-02,1:32:25:0
EURGBP=R,0.8466,0.8472,0.8466,18302.0,2016-08-02,1:32:28:0
EURGBP=R,0.8466,0.8471,0.8466,18303.0,2016-08-02,1:32:29:0
EURGBP=R,0.8467,0.847,0.8467,18304.0,2016-08-02,1:32:29:0
EURGBP=R,0.8467,0.847,0.8467,18305.0,2016-08-02,1:32:30:0
EURGBP=R,0.8466,0.8471,0.8466,18306.0,2016-08-02,1:32:30:0
EURGBP=R,0.8466,0.8471,0.8466,18307.0,2016-08-02,1:32:30:0
EURGBP=R,0.8466,0.847,0.8466,18308.0,2016-08-02,1:32:30:0
EURGBP=R,0.8466,0.847,0.8466,18309.0,2016-08-02,1:32:32:0
EURGBP=R,0.8466,0.847,0.8466,18310.0,2016-08-02,1:32:32:0
EURGBP=R,0.8466,0.847,0.8466,18311.0,2016-08-02,1:32:34:0
EURGBP=R,0.8465,0.8472,0.8465,18312.0,2016-08-02,1:32:34:0
EURGBP=R,0.8465,0.8472,0.8465,18313.0,2016-08-02,1:32:35:0
EURGBP=R,0.8465,0.8472,0.8465,18314.0,2016-08-02,1:32:37:0
EURGBP=R,0.8466,0.8472,0.8466,18315.0,2016-08-02,1:32:37:0
EURGBP=R,0.8466,0.8472,0.8466,18316.0,2016-08-02,1:32:37:0
EURGBP=R,0.8466,0.8472,0.8466,18317.0,2016-08-02,1:32:37:0
EURGBP=R,0.8466,0.8472,0.8466,18318.0,2016-08-02,1:32:38:0
EURGBP=R,0.8465,0.8472,0.8465,18319.0,2016-08-02,1:32:39:0
EURGBP=R,0.8466,0.8471,0.8466,18320.0,2016-08-02,1:32:39:0
EURGBP=R,0.8467,0.8471,0.8467,18321.0,2016-08-02,1:32:39:0
EURGBP=R,0.8467,0.8472,0.8467,18322.0,2016-08-02,1:32:40:0
EURGBP=R,0.8467,0.8472,0.8467,18323.0,2016-08-02,1:32:41:0
EURGBP=R,0.8467,0.8472,0.8467,18324.0,2016-08-02,1:32:41:0
EURGBP=R,0.8467,0.8472,0.8467,18325.0,2016-08-02,1:32:41:0
EURGBP=R,0.8467,0.8472,0.8467,18326.0,2016-08-02,1:32:42:0
EURGBP=R,0.8467,0.8472,0.8467,18327.0,2016-08-02,1:32:42:0
EURGBP=R,0.8466,0.8473,0.8466,18328.0,2016-08-02,1:32:42:0
EURGBP=R,0.8467,0.8472,0.8467,18329.0,2016-08-02,1:32:42:0
EURGBP=R,0.8466,0.8473,0.8466,18330.0,2016-08-02,1:32:42:0
EURGBP=R,0.8467,0.8472,0.8467,18331.0,2016-08-02,1:32:43:0
EURGBP=R,0.8467,0.8472,0.8467,18332.0,2016-08-02,1:32:43:0
EURGBP=R,0.8467,0.8472,0.8467,18333.0,2016-08-02,1:32:44:0
EURGBP=R,0.8467,0.8472,0.8467,18334.0,2016-08-02,1:32:45:0
EURGBP=R,0.8467,0.8472,0.8467,18335.0,2016-08-02,1:32:45:0
EURGBP=R,0.8467,0.8472,0.8467,18336.0,2016-08-02,1:32:45:0
EURGBP=R,0.8466,0.8473,0.8466,18337.0,2016-08-02,1:32:45:0
EURGBP=R,0.8466,0.8473,0.8466,18338.0,2016-08-02,1:32:46:0
EURGBP=R,0.8467,0.8472,0.8467,18339.0,2016-08-02,1:32:47:0
EURGBP=R,0.8467,0.8472,0.8467,18340.0,2016-08-02,1:32:47:0
EURGBP=R,0.8467,0.8472,0.8467,18341.0,2016-08-02,1:32:48:0
EURGBP=R,0.8466,0.8473,0.8466,18342.0,2016-08-02,1:32:48:0
EURGBP=R,0.8467,0.8472,0.8467,18343.0,2016-08-02,1:32:49:0
EURGBP=R,0.8467,0.8472,0.8467,18344.0,2016-08-02,1:32:50:0
EURGBP=R,0.8467,0.8472,0.8467,18345.0,2016-08-02,1:32:50:0
EURGBP=R,0.8467,0.8473,0.8467,18346.0,2016-08-02,1:32:51:0
EURGBP=R,0.8465,0.8472,0.8465,18347.0,2016-08-02,1:32:51:0
EURGBP=R,0.8466,0.8473,0.8466,18348.0,2016-08-02,1:32:52:0
EURGBP=R,0.8468,0.8473,0.8468,18349.0,2016-08-02,1:32:52:0
EURGBP=R,0.8465,0.8472,0.8465,18350.0,2016-08-02,1:32:52:0
EURGBP=R,0.8466,0.8473,0.8466,18351.0,2016-08-02,1:32:53:0
EURGBP=R,0.8467,0.8472,0.8467,18352.0,2016-08-02,1:32:53:0
EURGBP=R,0.8467,0.8471,0.8467,18353.0,2016-08-02,1:32:54:0
EURGBP=R,0.8467,0.8472,0.8467,18354.0,2016-08-02,1:32:54:0
EURGBP=R,0.8467,0.8472,0.8467,18355.0,2016-08-02,1:32:54:0
EURGBP=R,0.8465,0.8473,0.8465,18356.0,2016-08-02,1:32:54:0
EURGBP=R,0.8465,0.8473,0.8465,18357.0,2016-08-02,1:32:55:0
EURGBP=R,0.8465,0.8473,0.8465,18358.0,2016-08-02,1:32:56:0
EURGBP=R,0.8465,0.8473,0.8465,18359.0,2016-08-02,1:32:57:0
EURGBP=R,0.8465,0.8473,0.8465,18360.0,2016-08-02,1:32:57:0
EURGBP=R,0.8465,0.8473,0.8465,18361.0,2016-08-02,1:32:58:0
EURGBP=R,0.8467,0.8472,0.8467,18362.0,2016-08-02,1:32:58:0
EURGBP=R,0.8467,0.8472,0.8467,18363.0,2016-08-02,1:32:58:0
EURGBP=R,0.8467,0.8472,0.8467,18364.0,2016-08-02,1:32:59:0
EURGBP=R,0.8465,0.8473,0.8465,18365.0,2016-08-02,1:33:0:0
EURGBP=R,0.8465,0.8472,0.8465,18366.0,2016-08-02,1:33:0:0
EURGBP=R,0.8465,0.8472,0.8465,18367.0,2016-08-02,1:33:1:0
EURGBP=R,0.8465,0.8473,0.8465,18368.0,2016-08-02,1:33:1:0
EURGBP=R,0.8465,0.8473,0.8465,18369.0,2016-08-02,1:33:1:0
EURGBP=R,0.8467,0.8471,0.8467,18370.0,2016-08-02,1:33:1:0
EURGBP=R,0.8466,0.8473,0.8466,18371.0,2016-08-02,1:33:3:0
EURGBP=R,0.8466,0.8473,0.8466,18372.0,2016-08-02,1:33:4:0
EURGBP=R,0.8467,0.8472,0.8467,18373.0,2016-08-02,1:33:4:0
EURGBP=R,0.8467,0.8472,0.8467,18374.0,2016-08-02,1:33:4:0
EURGBP=R,0.8467,0.8472,0.8467,18375.0,2016-08-02,1:33:5:0
EURGBP=R,0.8467,0.8472,0.8467,18376.0,2016-08-02,1:33:5:0
EURGBP=R,0.8466,0.8473,0.8466,18377.0,2016-08-02,1:33:5:0
EURGBP=R,0.8467,0.8472,0.8467,18378.0,2016-08-02,1:33:6:0
EURGBP=R,0.8466,0.8473,0.8466,18379.0,2016-08-02,1:33:6:0
EURGBP=R,0.8466,0.8473,0.8466,18380.0,2016-08-02,1:33:7:0
EURGBP=R,0.8466,0.8472,0.8466,18381.0,2016-08-02,1:33:7:0
EURGBP=R,0.8466,0.8472,0.8466,18382.0,2016-08-02,1:33:7:0
EURGBP=R,0.8467,0.8472,0.8467,18383.0,2016-08-02,1:33:8:0
EURGBP=R,0.8467,0.8472,0.8467,18384.0,2016-08-02,1:33:9:0
EURGBP=R,0.8466,0.8473,0.8466,18385.0,2016-08-02,1:33:9:0
EURGBP=R,0.8467,0.8472,0.8467,18386.0,2016-08-02,1:33:10:0
EURGBP=R,0.8467,0.8472,0.8467,18387.0,2016-08-02,1:33:11:0
EURGBP=R,0.8467,0.8472,0.8467,18388.0,2016-08-02,1:33:11:0
EURGBP=R,0.8466,0.8473,0.8466,18389.0,2016-08-02,1:33:12:0
EURGBP=R,0.8466,0.8473,0.8466,18390.0,2016-08-02,1:33:14:0
EURGBP=R,0.8466,0.8473,0.8466,18391.0,2016-08-02,1:33:15:0
EURGBP=R,0.8465,0.8473,0.8465,18392.0,2016-08-02,1:33:15:0
EURGBP=R,0.8465,0.8473,0.8465,18393.0,2016-08-02,1:33:17:0
EURGBP=R,0.8465,0.8472,0.8465,18394.0,2016-08-02,1:33:19:0
EURGBP=R,0.8465,0.8473,0.8465,18395.0,2016-08-02,1:33:21:0
EURGBP=R,0.8465,0.8472,0.8465,18396.0,2016-08-02,1:33:21:0
EURGBP=R,0.8467,0.8472,0.8467,18397.0,2016-08-02,1:33:21:0
EURGBP=R,0.8467,0.8472,0.8467,18398.0,2016-08-02,1:33:22:0
EURGBP=R,0.8467,0.8472,0.8467,18399.0,2016-08-02,1:33:23:0
EURGBP=R,0.8467,0.8472,0.8467,18400.0,2016-08-02,1:33:24:0
EURGBP=R,0.8465,0.8473,0.8465,18401.0,2016-08-02,1:33:25:0
EURGBP=R,0.8465,0.8472,0.8465,18402.0,2016-08-02,1:33:28:0
EURGBP=R,0.8465,0.8473,0.8465,18403.0,2016-08-02,1:33:29:0
EURGBP=R,0.8466,0.8473,0.8466,18404.0,2016-08-02,1:33:34:0
EURGBP=R,0.8466,0.8473,0.8466,18405.0,2016-08-02,1:33:38:0
EURGBP=R,0.8467,0.8472,0.8467,18406.0,2016-08-02,1:33:38:0
EURGBP=R,0.8466,0.8472,0.8466,18407.0,2016-08-02,1:33:38:0
EURGBP=R,0.8465,0.8472,0.8465,18408.0,2016-08-02,1:33:38:0
EURGBP=R,0.8465,0.8472,0.8465,18409.0,2016-08-02,1:33:38:0
EURGBP=R,0.8465,0.8472,0.8465,18410.0,2016-08-02,1:33:38:0
EURGBP=R,0.8465,0.8472,0.8465,18411.0,2016-08-02,1:33:39:0
EURGBP=R,0.8465,0.8472,0.8465,18412.0,2016-08-02,1:33:39:0
EURGBP=R,0.8466,0.8472,0.8466,18413.0,2016-08-02,1:33:39:0
EURGBP=R,0.8466,0.8472,0.8466,18414.0,2016-08-02,1:33:39:0
EURGBP=R,0.8466,0.8472,0.8466,18415.0,2016-08-02,1:33:40:0
EURGBP=R,0.8466,0.8472,0.8466,18416.0,2016-08-02,1:33:40:0
EURGBP=R,0.8465,0.8472,0.8465,18417.0,2016-08-02,1:33:40:0
EURGBP=R,0.8466,0.8472,0.8466,18418.0,2016-08-02,1:33:41:0
EURGBP=R,0.8466,0.8472,0.8466,18419.0,2016-08-02,1:33:41:0
EURGBP=R,0.8466,0.8472,0.8466,18420.0,2016-08-02,1:33:42:0
EURGBP=R,0.8466,0.8472,0.8466,18421.0,2016-08-02,1:33:43:0
EURGBP=R,0.8465,0.8472,0.8465,18422.0,2016-08-02,1:33:43:0
EURGBP=R,0.8465,0.8471,0.8465,18423.0,2016-08-02,1:33:44:0
EURGBP=R,0.8465,0.8472,0.8465,18424.0,2016-08-02,1:33:44:0
EURGBP=R,0.8465,0.8472,0.8465,18425.0,2016-08-02,1:33:45:0
EURGBP=R,0.8466,0.8472,0.8466,18426.0,2016-08-02,1:33:46:0
EURGBP=R,0.8465,0.8472,0.8465,18427.0,2016-08-02,1:33:46:0
EURGBP=R,0.8465,0.8472,0.8465,18428.0,2016-08-02,1:33:46:0
EURGBP=R,0.8465,0.8472,0.8465,18429.0,2016-08-02,1:33:47:0
EURGBP=R,0.8466,0.8472,0.8466,18430.0,2016-08-02,1:33:47:0
EURGBP=R,0.8466,0.8472,0.8466,18431.0,2016-08-02,1:33:48:0
EURGBP=R,0.8465,0.8472,0.8465,18432.0,2016-08-02,1:33:49:0
EURGBP=R,0.8465,0.8472,0.8465,18433.0,2016-08-02,1:33:50:0
EURGBP=R,0.8465,0.8472,0.8465,18434.0,2016-08-02,1:33:51:0
EURGBP=R,0.8465,0.8472,0.8465,18435.0,2016-08-02,1:33:52:0
EURGBP=R,0.8465,0.8473,0.8465,18436.0,2016-08-02,1:33:52:0
EURGBP=R,0.8465,0.8472,0.8465,18437.0,2016-08-02,1:33:53:0
EURGBP=R,0.8465,0.8473,0.8465,18438.0,2016-08-02,1:33:53:0
EURGBP=R,0.8465,0.8473,0.8465,18439.0,2016-08-02,1:33:56:0
EURGBP=R,0.8465,0.8472,0.8465,18440.0,2016-08-02,1:33:56:0
EURGBP=R,0.8465,0.8472,0.8465,18441.0,2016-08-02,1:33:57:0
EURGBP=R,0.8465,0.8472,0.8465,18442.0,2016-08-02,1:33:58:0
EURGBP=R,0.8465,0.8471,0.8465,18443.0,2016-08-02,1:34:0:0
EURGBP=R,0.8465,0.8471,0.8465,18444.0,2016-08-02,1:34:0:0
EURGBP=R,0.8466,0.8471,0.8466,18445.0,2016-08-02,1:34:1:0
EURGBP=R,0.8468,0.8469,0.8468,18446.0,2016-08-02,1:34:1:0
EURGBP=R,0.8467,0.8471,0.8467,18447.0,2016-08-02,1:34:2:0
EURGBP=R,0.8467,0.8471,0.8467,18448.0,2016-08-02,1:34:2:0
EURGBP=R,0.8468,0.8469,0.8468,18449.0,2016-08-02,1:34:2:0
EURGBP=R,0.8466,0.8471,0.8466,18450.0,2016-08-02,1:34:3:0
EURGBP=R,0.8467,0.8471,0.8467,18451.0,2016-08-02,1:34:3:0
EURGBP=R,0.8467,0.8472,0.8467,18452.0,2016-08-02,1:34:3:0
EURGBP=R,0.8467,0.8472,0.8467,18453.0,2016-08-02,1:34:5:0
EURGBP=R,0.8465,0.8471,0.8465,18454.0,2016-08-02,1:34:5:0
EURGBP=R,0.8465,0.8471,0.8465,18455.0,2016-08-02,1:34:6:0
EURGBP=R,0.8465,0.8472,0.8465,18456.0,2016-08-02,1:34:7:0
EURGBP=R,0.8466,0.8472,0.8466,18457.0,2016-08-02,1:34:7:0
EURGBP=R,0.8466,0.8472,0.8466,18458.0,2016-08-02,1:34:7:0
EURGBP=R,0.8466,0.8472,0.8466,18459.0,2016-08-02,1:34:8:0
EURGBP=R,0.8466,0.8472,0.8466,18460.0,2016-08-02,1:34:8:0
EURGBP=R,0.8465,0.8472,0.8465,18461.0,2016-08-02,1:34:9:0
EURGBP=R,0.8466,0.8471,0.8466,18462.0,2016-08-02,1:34:9:0
EURGBP=R,0.8466,0.8472,0.8466,18463.0,2016-08-02,1:34:10:0
EURGBP=R,0.8466,0.8472,0.8466,18464.0,2016-08-02,1:34:10:0
EURGBP=R,0.8467,0.8472,0.8467,18465.0,2016-08-02,1:34:14:0
EURGBP=R,0.8467,0.8472,0.8467,18466.0,2016-08-02,1:34:16:0
EURGBP=R,0.8466,0.8471,0.8466,18467.0,2016-08-02,1:34:16:0
EURGBP=R,0.8466,0.8471,0.8466,18468.0,2016-08-02,1:34:17:0
EURGBP=R,0.8465,0.8471,0.8465,18469.0,2016-08-02,1:34:17:0
EURGBP=R,0.8465,0.8471,0.8465,18470.0,2016-08-02,1:34:18:0
EURGBP=R,0.8465,0.8472,0.8465,18471.0,2016-08-02,1:34:19:0
EURGBP=R,0.8465,0.8472,0.8465,18472.0,2016-08-02,1:34:19:0
EURGBP=R,0.8465,0.8472,0.8465,18473.0,2016-08-02,1:34:20:0
EURGBP=R,0.8466,0.8472,0.8466,18474.0,2016-08-02,1:34:20:0
EURGBP=R,0.8465,0.8472,0.8465,18475.0,2016-08-02,1:34:20:0
EURGBP=R,0.8465,0.8472,0.8465,18476.0,2016-08-02,1:34:20:0
EURGBP=R,0.8466,0.8472,0.8466,18477.0,2016-08-02,1:34:21:0
EURGBP=R,0.8467,0.8472,0.8467,18478.0,2016-08-02,1:34:21:0
EURGBP=R,0.8466,0.8473,0.8466,18479.0,2016-08-02,1:34:21:0
EURGBP=R,0.8467,0.8472,0.8467,18480.0,2016-08-02,1:34:22:0
EURGBP=R,0.8466,0.8472,0.8466,18481.0,2016-08-02,1:34:22:0
EURGBP=R,0.8465,0.8472,0.8465,18482.0,2016-08-02,1:34:22:0
EURGBP=R,0.8466,0.8473,0.8466,18483.0,2016-08-02,1:34:22:0
EURGBP=R,0.8467,0.8472,0.8467,18484.0,2016-08-02,1:34:24:0
EURGBP=R,0.8467,0.8472,0.8467,18485.0,2016-08-02,1:34:25:0
EURGBP=R,0.8466,0.8473,0.8466,18486.0,2016-08-02,1:34:25:0
EURGBP=R,0.8467,0.8472,0.8467,18487.0,2016-08-02,1:34:25:0
EURGBP=R,0.8466,0.8473,0.8466,18488.0,2016-08-02,1:34:28:0
EURGBP=R,0.8466,0.8473,0.8466,18489.0,2016-08-02,1:34:29:0
EURGBP=R,0.8466,0.8473,0.8466,18490.0,2016-08-02,1:34:31:0
EURGBP=R,0.8465,0.8472,0.8465,18491.0,2016-08-02,1:34:32:0
EURGBP=R,0.8465,0.8472,0.8465,18492.0,2016-08-02,1:34:32:0
EURGBP=R,0.8466,0.8472,0.8466,18493.0,2016-08-02,1:34:33:0
EURGBP=R,0.8466,0.8473,0.8466,18494.0,2016-08-02,1:34:34:0
EURGBP=R,0.8466,0.8473,0.8466,18495.0,2016-08-02,1:34:34:0
EURGBP=R,0.8465,0.8472,0.8465,18496.0,2016-08-02,1:34:34:0
EURGBP=R,0.8465,0.8472,0.8465,18497.0,2016-08-02,1:34:34:0
EURGBP=R,0.8466,0.8473,0.8466,18498.0,2016-08-02,1:34:35:0
EURGBP=R,0.8466,0.8473,0.8466,18499.0,2016-08-02,1:34:36:0
EURGBP=R,0.8466,0.8473,0.8466,18500.0,2016-08-02,1:34:36:0
EURGBP=R,0.8466,0.8472,0.8466,18501.0,2016-08-02,1:34:37:0
EURGBP=R,0.8466,0.8472,0.8466,18502.0,2016-08-02,1:34:38:0
EURGBP=R,0.8466,0.8473,0.8466,18503.0,2016-08-02,1:34:40:0
EURGBP=R,0.8466,0.8473,0.8466,18504.0,2016-08-02,1:34:41:0
EURGBP=R,0.8466,0.8473,0.8466,18505.0,2016-08-02,1:34:43:0
EURGBP=R,0.8466,0.8473,0.8466,18506.0,2016-08-02,1:34:43:0
EURGBP=R,0.8466,0.8472,0.8466,18507.0,2016-08-02,1:34:43:0
EURGBP=R,0.8466,0.8472,0.8466,18508.0,2016-08-02,1:34:45:0
EURGBP=R,0.8466,0.8472,0.8466,18509.0,2016-08-02,1:34:46:0
EURGBP=R,0.8466,0.8473,0.8466,18512.0,2016-08-02,1:34:47:0
EURGBP=R,0.8466,0.8473,0.8466,18512.0,2016-08-02,1:34:47:0
EURGBP=R,0.8466,0.8473,0.8466,18512.0,2016-08-02,1:34:47:0
EURGBP=R,0.8467,0.8472,0.8467,18513.0,2016-08-02,1:34:48:0
EURGBP=R,0.8467,0.8472,0.8467,18514.0,2016-08-02,1:34:48:0
EURGBP=R,0.8467,0.8472,0.8467,18516.0,2016-08-02,1:34:48:0
EURGBP=R,0.8467,0.8472,0.8467,18516.0,2016-08-02,1:34:48:0
EURGBP=R,0.8467,0.8472,0.8467,18517.0,2016-08-02,1:34:49:0
EURGBP=R,0.8466,0.8473,0.8466,18518.0,2016-08-02,1:34:50:0
EURGBP=R,0.8466,0.8473,0.8466,18519.0,2016-08-02,1:34:50:0
EURGBP=R,0.8467,0.8473,0.8467,18520.0,2016-08-02,1:34:50:0
EURGBP=R,0.8467,0.8473,0.8467,18521.0,2016-08-02,1:34:50:0
EURGBP=R,0.8468,0.8473,0.8468,18522.0,2016-08-02,1:34:51:0
EURGBP=R,0.8468,0.8473,0.8468,18523.0,2016-08-02,1:34:52:0
EURGBP=R,0.8466,0.8473,0.8466,18524.0,2016-08-02,1:34:53:0
EURGBP=R,0.8466,0.8473,0.8466,18525.0,2016-08-02,1:34:54:0
EURGBP=R,0.8466,0.8473,0.8466,18526.0,2016-08-02,1:34:54:0
EURGBP=R,0.8466,0.8473,0.8466,18527.0,2016-08-02,1:34:55:0
EURGBP=R,0.8467,0.8472,0.8467,18528.0,2016-08-02,1:34:55:0
EURGBP=R,0.8467,0.8472,0.8467,18529.0,2016-08-02,1:34:55:0
EURGBP=R,0.8467,0.8472,0.8467,18530.0,2016-08-02,1:34:55:0
EURGBP=R,0.8467,0.8472,0.8467,18531.0,2016-08-02,1:34:55:0
EURGBP=R,0.8467,0.8472,0.8467,18532.0,2016-08-02,1:34:56:0
EURGBP=R,0.8467,0.8472,0.8467,18533.0,2016-08-02,1:34:56:0
EURGBP=R,0.8466,0.8473,0.8466,18534.0,2016-08-02,1:34:57:0
EURGBP=R,0.8467,0.8472,0.8467,18535.0,2016-08-02,1:34:57:0
EURGBP=R,0.8467,0.8472,0.8467,18536.0,2016-08-02,1:34:58:0
EURGBP=R,0.8467,0.8472,0.8467,18537.0,2016-08-02,1:34:59:0
EURGBP=R,0.8466,0.8473,0.8466,18538.0,2016-08-02,1:34:59:0
EURGBP=R,0.8467,0.8472,0.8467,18539.0,2016-08-02,1:35:0:0
EURGBP=R,0.8467,0.8472,0.8467,18540.0,2016-08-02,1:35:0:0
EURGBP=R,0.8467,0.8472,0.8467,18541.0,2016-08-02,1:35:1:0
EURGBP=R,0.8467,0.8472,0.8467,18542.0,2016-08-02,1:35:1:0
EURGBP=R,0.8467,0.8472,0.8467,18543.0,2016-08-02,1:35:1:0
EURGBP=R,0.8467,0.8472,0.8467,18544.0,2016-08-02,1:35:2:0
EURGBP=R,0.8467,0.8472,0.8467,18545.0,2016-08-02,1:35:2:0
EURGBP=R,0.8467,0.8472,0.8467,18546.0,2016-08-02,1:35:2:0
EURGBP=R,0.8466,0.8473,0.8466,18547.0,2016-08-02,1:35:2:0
EURGBP=R,0.8466,0.8473,0.8466,18548.0,2016-08-02,1:35:5:0
EURGBP=R,0.8466,0.8473,0.8466,18549.0,2016-08-02,1:35:5:0
EURGBP=R,0.8466,0.8473,0.8466,18550.0,2016-08-02,1:35:5:0
EURGBP=R,0.8467,0.8472,0.8467,18552.0,2016-08-02,1:35:6:0
EURGBP=R,0.8467,0.8472,0.8467,18552.0,2016-08-02,1:35:6:0
EURGBP=R,0.8467,0.8472,0.8467,18553.0,2016-08-02,1:35:6:0
EURGBP=R,0.8467,0.8472,0.8467,18554.0,2016-08-02,1:35:7:0
EURGBP=R,0.8467,0.8472,0.8467,18555.0,2016-08-02,1:35:7:0
EURGBP=R,0.8466,0.8473,0.8466,18556.0,2016-08-02,1:35:8:0
EURGBP=R,0.8466,0.8473,0.8466,18557.0,2016-08-02,1:35:10:0
EURGBP=R,0.8466,0.8472,0.8466,18558.0,2016-08-02,1:35:12:0
EURGBP=R,0.8466,0.8472,0.8466,18559.0,2016-08-02,1:35:13:0
EURGBP=R,0.8466,0.8472,0.8466,18560.0,2016-08-02,1:35:13:0
EURGBP=R,0.8466,0.8472,0.8466,18561.0,2016-08-02,1:35:14:0
EURGBP=R,0.8467,0.8472,0.8467,18562.0,2016-08-02,1:35:15:0
EURGBP=R,0.8467,0.8472,0.8467,18563.0,2016-08-02,1:35:16:0
EURGBP=R,0.8466,0.8472,0.8466,18564.0,2016-08-02,1:35:16:0
EURGBP=R,0.8466,0.8472,0.8466,18565.0,2016-08-02,1:35:16:0
EURGBP=R,0.8466,0.8472,0.8466,18566.0,2016-08-02,1:35:17:0
EURGBP=R,0.8466,0.8472,0.8466,18567.0,2016-08-02,1:35:19:0
EURGBP=R,0.8466,0.8473,0.8466,18568.0,2016-08-02,1:35:20:0
EURGBP=R,0.8466,0.8472,0.8466,18569.0,2016-08-02,1:35:20:0
EURGBP=R,0.8466,0.8472,0.8466,18570.0,2016-08-02,1:35:22:0
EURGBP=R,0.8466,0.8472,0.8466,18571.0,2016-08-02,1:35:22:0
EURGBP=R,0.8466,0.8473,0.8466,18572.0,2016-08-02,1:35:23:0
EURGBP=R,0.8466,0.8473,0.8466,18573.0,2016-08-02,1:35:24:0
EURGBP=R,0.8466,0.8473,0.8466,18574.0,2016-08-02,1:35:25:0
EURGBP=R,0.8466,0.8473,0.8466,18575.0,2016-08-02,1:35:25:0
EURGBP=R,0.8466,0.8472,0.8466,18576.0,2016-08-02,1:35:29:0
EURGBP=R,0.8466,0.8473,0.8466,18577.0,2016-08-02,1:35:30:0
EURGBP=R,0.8466,0.8473,0.8466,18578.0,2016-08-02,1:35:32:0
EURGBP=R,0.8467,0.8472,0.8467,18579.0,2016-08-02,1:35:32:0
EURGBP=R,0.8467,0.8472,0.8467,18580.0,2016-08-02,1:35:33:0
EURGBP=R,0.8467,0.8472,0.8467,18581.0,2016-08-02,1:35:34:0
EURGBP=R,0.8467,0.8471,0.8467,18582.0,2016-08-02,1:35:34:0
EURGBP=R,0.8466,0.8472,0.8466,18583.0,2016-08-02,1:35:36:0
EURGBP=R,0.8466,0.8472,0.8466,18584.0,2016-08-02,1:35:36:0
EURGBP=R,0.8467,0.8471,0.8467,18585.0,2016-08-02,1:35:37:0
EURGBP=R,0.8466,0.8472,0.8466,18586.0,2016-08-02,1:35:38:0
EURGBP=R,0.8467,0.8472,0.8467,18587.0,2016-08-02,1:35:40:0
EURGBP=R,0.8466,0.8472,0.8466,18588.0,2016-08-02,1:35:41:0
EURGBP=R,0.8466,0.8472,0.8466,18589.0,2016-08-02,1:35:42:0
EURGBP=R,0.8467,0.8472,0.8467,18590.0,2016-08-02,1:35:44:0
EURGBP=R,0.8467,0.8473,0.8467,18591.0,2016-08-02,1:35:44:0
EURGBP=R,0.8467,0.8473,0.8467,18592.0,2016-08-02,1:35:45:0
EURGBP=R,0.8465,0.8472,0.8465,18593.0,2016-08-02,1:35:45:0
EURGBP=R,0.8467,0.8473,0.8467,18594.0,2016-08-02,1:35:46:0
EURGBP=R,0.8467,0.8472,0.8467,18595.0,2016-08-02,1:35:52:0
EURGBP=R,0.8467,0.8472,0.8467,18596.0,2016-08-02,1:35:54:0
EURGBP=R,0.8465,0.8472,0.8465,18597.0,2016-08-02,1:35:55:0
EURGBP=R,0.8465,0.8472,0.8465,18598.0,2016-08-02,1:35:56:0
EURGBP=R,0.8466,0.8471,0.8466,18599.0,2016-08-02,1:35:57:0
EURGBP=R,0.8467,0.8472,0.8467,18600.0,2016-08-02,1:35:58:0
EURGBP=R,0.8467,0.8472,0.8467,18601.0,2016-08-02,1:35:58:0
EURGBP=R,0.8467,0.8473,0.8467,18602.0,2016-08-02,1:35:58:0
EURGBP=R,0.8466,0.8473,0.8466,18603.0,2016-08-02,1:35:58:0
EURGBP=R,0.8466,0.8473,0.8466,18604.0,2016-08-02,1:35:58:0
EURGBP=R,0.8467,0.8473,0.8467,18605.0,2016-08-02,1:35:58:0
EURGBP=R,0.8468,0.8473,0.8468,18606.0,2016-08-02,1:35:59:0
EURGBP=R,0.8468,0.8472,0.8468,18607.0,2016-08-02,1:35:59:0
EURGBP=R,0.8467,0.8473,0.8467,18608.0,2016-08-02,1:35:59:0
EURGBP=R,0.8467,0.8473,0.8467,18609.0,2016-08-02,1:35:59:0
EURGBP=R,0.8468,0.8472,0.8468,18610.0,2016-08-02,1:36:0:0
EURGBP=R,0.8467,0.8472,0.8467,18611.0,2016-08-02,1:36:0:0
EURGBP=R,0.8467,0.8472,0.8467,18612.0,2016-08-02,1:36:0:0
EURGBP=R,0.8467,0.8472,0.8467,18613.0,2016-08-02,1:36:1:0
EURGBP=R,0.8466,0.8473,0.8466,18614.0,2016-08-02,1:36:1:0
EURGBP=R,0.8467,0.8472,0.8467,18615.0,2016-08-02,1:36:2:0
EURGBP=R,0.8468,0.8472,0.8468,18616.0,2016-08-02,1:36:3:0
EURGBP=R,0.8468,0.8471,0.8468,18617.0,2016-08-02,1:36:3:0
EURGBP=R,0.8468,0.8472,0.8468,18618.0,2016-08-02,1:36:5:0
EURGBP=R,0.8468,0.8472,0.8468,18619.0,2016-08-02,1:36:6:0
EURGBP=R,0.8468,0.8472,0.8468,18620.0,2016-08-02,1:36:10:0
EURGBP=R,0.8466,0.8471,0.8466,18621.0,2016-08-02,1:36:10:0
EURGBP=R,0.8466,0.8471,0.8466,18622.0,2016-08-02,1:36:13:0
EURGBP=R,0.8466,0.8471,0.8466,18623.0,2016-08-02,1:36:13:0
EURGBP=R,0.8466,0.8473,0.8466,18624.0,2016-08-02,1:36:16:0
EURGBP=R,0.8467,0.8472,0.8467,18625.0,2016-08-02,1:36:16:0
EURGBP=R,0.8466,0.8473,0.8466,18626.0,2016-08-02,1:36:16:0
EURGBP=R,0.8466,0.8473,0.8466,18627.0,2016-08-02,1:36:17:0
EURGBP=R,0.8467,0.8472,0.8467,18628.0,2016-08-02,1:36:18:0
EURGBP=R,0.8466,0.8472,0.8466,18629.0,2016-08-02,1:36:18:0
EURGBP=R,0.8467,0.8472,0.8467,18630.0,2016-08-02,1:36:19:0
EURGBP=R,0.8467,0.8472,0.8467,18631.0,2016-08-02,1:36:19:0
EURGBP=R,0.8466,0.8473,0.8466,18632.0,2016-08-02,1:36:19:0
EURGBP=R,0.8466,0.8473,0.8466,18633.0,2016-08-02,1:36:21:0
EURGBP=R,0.8466,0.8473,0.8466,18634.0,2016-08-02,1:36:22:0
EURGBP=R,0.8466,0.8473,0.8466,18635.0,2016-08-02,1:36:25:0
EURGBP=R,0.8466,0.8473,0.8466,18636.0,2016-08-02,1:36:27:0
EURGBP=R,0.8466,0.8472,0.8466,18637.0,2016-08-02,1:36:27:0
EURGBP=R,0.8466,0.8472,0.8466,18638.0,2016-08-02,1:36:28:0
EURGBP=R,0.8466,0.8472,0.8466,18639.0,2016-08-02,1:36:28:0
EURGBP=R,0.8466,0.8472,0.8466,18640.0,2016-08-02,1:36:29:0
EURGBP=R,0.8466,0.8472,0.8466,18641.0,2016-08-02,1:36:29:0
EURGBP=R,0.8466,0.8472,0.8466,18642.0,2016-08-02,1:36:29:0
EURGBP=R,0.8466,0.8472,0.8466,18643.0,2016-08-02,1:36:29:0
EURGBP=R,0.8465,0.8472,0.8465,18644.0,2016-08-02,1:36:30:0
EURGBP=R,0.8467,0.8472,0.8467,18645.0,2016-08-02,1:36:30:0
EURGBP=R,0.8467,0.8472,0.8467,18646.0,2016-08-02,1:36:31:0
EURGBP=R,0.8468,0.8472,0.8468,18647.0,2016-08-02,1:36:32:0
EURGBP=R,0.8468,0.8472,0.8468,18648.0,2016-08-02,1:36:32:0
EURGBP=R,0.8468,0.8472,0.8468,18649.0,2016-08-02,1:36:34:0
EURGBP=R,0.8466,0.8472,0.8466,18650.0,2016-08-02,1:36:34:0
EURGBP=R,0.8466,0.8471,0.8466,18651.0,2016-08-02,1:36:36:0
EURGBP=R,0.8466,0.8471,0.8466,18652.0,2016-08-02,1:36:37:0
EURGBP=R,0.8466,0.8471,0.8466,18653.0,2016-08-02,1:36:38:0
EURGBP=R,0.8466,0.8473,0.8466,18654.0,2016-08-02,1:36:39:0
EURGBP=R,0.8467,0.8473,0.8467,18655.0,2016-08-02,1:36:39:0
EURGBP=R,0.8467,0.8471,0.8467,18656.0,2016-08-02,1:36:40:0
EURGBP=R,0.8467,0.8471,0.8467,18657.0,2016-08-02,1:36:41:0
EURGBP=R,0.8467,0.847,0.8467,18658.0,2016-08-02,1:36:46:0
EURGBP=R,0.8467,0.847,0.8467,18659.0,2016-08-02,1:36:48:0
EURGBP=R,0.8468,0.847,0.8468,18660.0,2016-08-02,1:36:48:0
EURGBP=R,0.8468,0.8473,0.8468,18661.0,2016-08-02,1:36:49:0
EURGBP=R,0.8465,0.8472,0.8465,18662.0,2016-08-02,1:36:49:0
EURGBP=R,0.8465,0.8472,0.8465,18663.0,2016-08-02,1:36:51:0
EURGBP=R,0.8466,0.8471,0.8466,18664.0,2016-08-02,1:36:51:0
EURGBP=R,0.8467,0.847,0.8467,18665.0,2016-08-02,1:36:51:0
EURGBP=R,0.8466,0.8471,0.8466,18666.0,2016-08-02,1:36:52:0
EURGBP=R,0.8467,0.8469,0.8467,18667.0,2016-08-02,1:36:52:0
EURGBP=R,0.8467,0.8469,0.8467,18668.0,2016-08-02,1:36:54:0
EURGBP=R,0.8467,0.8469,0.8467,18669.0,2016-08-02,1:36:54:0
EURGBP=R,0.8465,0.8469,0.8465,18670.0,2016-08-02,1:36:57:0
EURGBP=R,0.8465,0.8471,0.8465,18671.0,2016-08-02,1:36:57:0
EURGBP=R,0.8465,0.8471,0.8465,18672.0,2016-08-02,1:36:59:0
EURGBP=R,0.8465,0.847,0.8465,18673.0,2016-08-02,1:36:59:0
EURGBP=R,0.8465,0.8469,0.8465,18674.0,2016-08-02,1:37:0:0
EURGBP=R,0.8465,0.8471,0.8465,18675.0,2016-08-02,1:37:1:0
EURGBP=R,0.8465,0.8471,0.8465,18676.0,2016-08-02,1:37:1:0
EURGBP=R,0.8467,0.8469,0.8467,18677.0,2016-08-02,1:37:2:0
EURGBP=R,0.8469,0.8471,0.8469,18678.0,2016-08-02,1:37:2:0
EURGBP=R,0.8468,0.847,0.8468,18679.0,2016-08-02,1:37:2:0
EURGBP=R,0.8468,0.8471,0.8468,18680.0,2016-08-02,1:37:3:0
EURGBP=R,0.8468,0.8471,0.8468,18681.0,2016-08-02,1:37:3:0
EURGBP=R,0.8468,0.8473,0.8468,18682.0,2016-08-02,1:37:4:0
EURGBP=R,0.8468,0.8472,0.8468,18683.0,2016-08-02,1:37:5:0
EURGBP=R,0.8467,0.8472,0.8467,18684.0,2016-08-02,1:37:6:0
EURGBP=R,0.8467,0.8473,0.8467,18685.0,2016-08-02,1:37:6:0
EURGBP=R,0.8467,0.8474,0.8467,18686.0,2016-08-02,1:37:6:0
EURGBP=R,0.8466,0.8472,0.8466,18687.0,2016-08-02,1:37:6:0
EURGBP=R,0.8467,0.8472,0.8467,18688.0,2016-08-02,1:37:8:0
EURGBP=R,0.8467,0.8472,0.8467,18689.0,2016-08-02,1:37:8:0
EURGBP=R,0.8467,0.8473,0.8467,18690.0,2016-08-02,1:37:9:0
EURGBP=R,0.8467,0.8472,0.8467,18691.0,2016-08-02,1:37:9:0
EURGBP=R,0.8466,0.8472,0.8466,18692.0,2016-08-02,1:37:9:0
EURGBP=R,0.8466,0.8473,0.8466,18693.0,2016-08-02,1:37:9:0
EURGBP=R,0.8467,0.8472,0.8467,18694.0,2016-08-02,1:37:9:0
EURGBP=R,0.8466,0.8473,0.8466,18695.0,2016-08-02,1:37:9:0
EURGBP=R,0.8466,0.8472,0.8466,18696.0,2016-08-02,1:37:10:0
EURGBP=R,0.8467,0.8472,0.8467,18697.0,2016-08-02,1:37:12:0
EURGBP=R,0.8466,0.8473,0.8466,18698.0,2016-08-02,1:37:12:0
EURGBP=R,0.8466,0.8473,0.8466,18699.0,2016-08-02,1:37:14:0
EURGBP=R,0.8468,0.8472,0.8468,18700.0,2016-08-02,1:37:15:0
EURGBP=R,0.8468,0.8472,0.8468,18701.0,2016-08-02,1:37:15:0
EURGBP=R,0.8468,0.8472,0.8468,18702.0,2016-08-02,1:37:17:0
EURGBP=R,0.8468,0.8472,0.8468,18703.0,2016-08-02,1:37:19:0
EURGBP=R,0.8468,0.8472,0.8468,18704.0,2016-08-02,1:37:20:0
EURGBP=R,0.8468,0.8472,0.8468,18705.0,2016-08-02,1:37:21:0
EURGBP=R,0.8468,0.8472,0.8468,18706.0,2016-08-02,1:37:22:0
EURGBP=R,0.8467,0.8471,0.8467,18707.0,2016-08-02,1:37:22:0
EURGBP=R,0.8467,0.8472,0.8467,18708.0,2016-08-02,1:37:23:0
EURGBP=R,0.8467,0.8471,0.8467,18709.0,2016-08-02,1:37:23:0
EURGBP=R,0.8466,0.8471,0.8466,18710.0,2016-08-02,1:37:23:0
EURGBP=R,0.8466,0.8471,0.8466,18711.0,2016-08-02,1:37:24:0
EURGBP=R,0.8468,0.8472,0.8468,18712.0,2016-08-02,1:37:24:0
EURGBP=R,0.8468,0.8472,0.8468,18713.0,2016-08-02,1:37:24:0
EURGBP=R,0.8467,0.8473,0.8467,18714.0,2016-08-02,1:37:24:0
EURGBP=R,0.8467,0.8473,0.8467,18715.0,2016-08-02,1:37:25:0
EURGBP=R,0.8467,0.8473,0.8467,18716.0,2016-08-02,1:37:26:0
EURGBP=R,0.8467,0.8473,0.8467,18717.0,2016-08-02,1:37:26:0
EURGBP=R,0.8467,0.8472,0.8467,18718.0,2016-08-02,1:37:27:0
EURGBP=R,0.8467,0.8472,0.8467,18719.0,2016-08-02,1:37:30:0
EURGBP=R,0.8468,0.8471,0.8468,18720.0,2016-08-02,1:37:31:0
EURGBP=R,0.8466,0.847,0.8466,18721.0,2016-08-02,1:37:32:0
EURGBP=R,0.8466,0.847,0.8466,18722.0,2016-08-02,1:37:33:0
EURGBP=R,0.8467,0.847,0.8467,18723.0,2016-08-02,1:37:33:0
EURGBP=R,0.8467,0.847,0.8467,18724.0,2016-08-02,1:37:34:0
EURGBP=R,0.8466,0.8471,0.8466,18725.0,2016-08-02,1:37:36:0
EURGBP=R,0.8466,0.8471,0.8466,18726.0,2016-08-02,1:37:38:0
EURGBP=R,0.8466,0.8471,0.8466,18727.0,2016-08-02,1:37:40:0
EURGBP=R,0.8466,0.8471,0.8466,18728.0,2016-08-02,1:37:40:0
EURGBP=R,0.8466,0.847,0.8466,18729.0,2016-08-02,1:37:40:0
EURGBP=R,0.8466,0.847,0.8466,18730.0,2016-08-02,1:37:42:0
EURGBP=R,0.8468,0.847,0.8468,18731.0,2016-08-02,1:37:42:0
EURGBP=R,0.8467,0.8471,0.8467,18732.0,2016-08-02,1:37:43:0
EURGBP=R,0.8466,0.8469,0.8466,18733.0,2016-08-02,1:37:43:0
EURGBP=R,0.8466,0.8469,0.8466,18734.0,2016-08-02,1:37:44:0
EURGBP=R,0.8465,0.8471,0.8465,18735.0,2016-08-02,1:37:44:0
EURGBP=R,0.8466,0.8474,0.8466,18736.0,2016-08-02,1:37:44:0
EURGBP=R,0.8467,0.8472,0.8467,18737.0,2016-08-02,1:37:44:0
EURGBP=R,0.8467,0.8472,0.8467,18738.0,2016-08-02,1:37:44:0
EURGBP=R,0.8467,0.8474,0.8467,18739.0,2016-08-02,1:37:44:0
EURGBP=R,0.8467,0.8474,0.8467,18740.0,2016-08-02,1:37:45:0
EURGBP=R,0.8467,0.8472,0.8467,18741.0,2016-08-02,1:37:45:0
EURGBP=R,0.8468,0.8472,0.8468,18742.0,2016-08-02,1:37:45:0
EURGBP=R,0.8468,0.8472,0.8468,18743.0,2016-08-02,1:37:45:0
EURGBP=R,0.8468,0.8472,0.8468,18744.0,2016-08-02,1:37:45:0
EURGBP=R,0.8467,0.8472,0.8467,18745.0,2016-08-02,1:37:46:0
EURGBP=R,0.8466,0.8473,0.8466,18746.0,2016-08-02,1:37:46:0
EURGBP=R,0.8466,0.8472,0.8466,18747.0,2016-08-02,1:37:48:0
EURGBP=R,0.8466,0.8473,0.8466,18748.0,2016-08-02,1:37:49:0
EURGBP=R,0.8466,0.8473,0.8466,18749.0,2016-08-02,1:37:49:0
EURGBP=R,0.8466,0.8473,0.8466,18750.0,2016-08-02,1:37:56:0
EURGBP=R,0.8466,0.8473,0.8466,18751.0,2016-08-02,1:37:57:0
EURGBP=R,0.8466,0.8472,0.8466,18752.0,2016-08-02,1:37:57:0
EURGBP=R,0.8467,0.8472,0.8467,18753.0,2016-08-02,1:37:59:0
EURGBP=R,0.8466,0.8473,0.8466,18754.0,2016-08-02,1:38:0:0
EURGBP=R,0.8467,0.8474,0.8467,18755.0,2016-08-02,1:38:0:0
EURGBP=R,0.8468,0.8473,0.8468,18756.0,2016-08-02,1:38:0:0
EURGBP=R,0.8469,0.8471,0.8469,18757.0,2016-08-02,1:38:1:0
EURGBP=R,0.8469,0.847,0.8469,18758.0,2016-08-02,1:38:1:0
EURGBP=R,0.8469,0.8471,0.8469,18759.0,2016-08-02,1:38:1:0
EURGBP=R,0.8469,0.8471,0.8469,18760.0,2016-08-02,1:38:6:0
EURGBP=R,0.8468,0.8472,0.8468,18761.0,2016-08-02,1:38:6:0
EURGBP=R,0.8467,0.8472,0.8467,18762.0,2016-08-02,1:38:7:0
EURGBP=R,0.8467,0.8472,0.8467,18763.0,2016-08-02,1:38:7:0
EURGBP=R,0.8466,0.8473,0.8466,18764.0,2016-08-02,1:38:7:0
EURGBP=R,0.8466,0.8472,0.8466,18765.0,2016-08-02,1:38:7:0
EURGBP=R,0.8467,0.8474,0.8467,18766.0,2016-08-02,1:38:8:0
EURGBP=R,0.8467,0.8473,0.8467,18767.0,2016-08-02,1:38:8:0
EURGBP=R,0.8467,0.8472,0.8467,18768.0,2016-08-02,1:38:9:0
EURGBP=R,0.8467,0.8472,0.8467,18769.0,2016-08-02,1:38:10:0
EURGBP=R,0.8467,0.8472,0.8467,18770.0,2016-08-02,1:38:10:0
EURGBP=R,0.8467,0.8472,0.8467,18771.0,2016-08-02,1:38:10:0
EURGBP=R,0.8467,0.8472,0.8467,18772.0,2016-08-02,1:38:10:0
EURGBP=R,0.8467,0.8473,0.8467,18773.0,2016-08-02,1:38:10:0
EURGBP=R,0.8466,0.8472,0.8466,18774.0,2016-08-02,1:38:11:0
EURGBP=R,0.8467,0.8474,0.8467,18775.0,2016-08-02,1:38:12:0
EURGBP=R,0.8467,0.8473,0.8467,18776.0,2016-08-02,1:38:12:0
EURGBP=R,0.8467,0.8473,0.8467,18777.0,2016-08-02,1:38:13:0
EURGBP=R,0.8467,0.8474,0.8467,18778.0,2016-08-02,1:38:13:0
EURGBP=R,0.8467,0.8474,0.8467,18779.0,2016-08-02,1:38:13:0
EURGBP=R,0.8467,0.8474,0.8467,18780.0,2016-08-02,1:38:14:0
EURGBP=R,0.8467,0.8474,0.8467,18781.0,2016-08-02,1:38:15:0
EURGBP=R,0.8467,0.8474,0.8467,18782.0,2016-08-02,1:38:16:0
EURGBP=R,0.8467,0.8473,0.8467,18783.0,2016-08-02,1:38:17:0
EURGBP=R,0.8467,0.8473,0.8467,18784.0,2016-08-02,1:38:22:0
EURGBP=R,0.8467,0.8474,0.8467,18785.0,2016-08-02,1:38:23:0
EURGBP=R,0.8467,0.8473,0.8467,18786.0,2016-08-02,1:38:26:0
EURGBP=R,0.8466,0.8474,0.8466,18787.0,2016-08-02,1:38:28:0
EURGBP=R,0.8467,0.8473,0.8467,18788.0,2016-08-02,1:38:29:0
EURGBP=R,0.8467,0.8472,0.8467,18789.0,2016-08-02,1:38:29:0
EURGBP=R,0.8467,0.8472,0.8467,18790.0,2016-08-02,1:38:30:0
EURGBP=R,0.8466,0.8474,0.8466,18791.0,2016-08-02,1:38:31:0
EURGBP=R,0.8466,0.8473,0.8466,18792.0,2016-08-02,1:38:32:0
EURGBP=R,0.8466,0.8474,0.8466,18793.0,2016-08-02,1:38:34:0
EURGBP=R,0.8466,0.8473,0.8466,18794.0,2016-08-02,1:38:36:0
EURGBP=R,0.8466,0.8473,0.8466,18795.0,2016-08-02,1:38:37:0
EURGBP=R,0.8465,0.8472,0.8465,18796.0,2016-08-02,1:38:38:0
EURGBP=R,0.8465,0.8472,0.8465,18797.0,2016-08-02,1:38:39:0
EURGBP=R,0.8465,0.8472,0.8465,18798.0,2016-08-02,1:38:42:0
EURGBP=R,0.8466,0.8471,0.8466,18799.0,2016-08-02,1:38:43:0
EURGBP=R,0.8466,0.8471,0.8466,18800.0,2016-08-02,1:38:46:0
EURGBP=R,0.8466,0.847,0.8466,18801.0,2016-08-02,1:38:49:0
EURGBP=R,0.8465,0.8472,0.8465,18802.0,2016-08-02,1:38:53:0
EURGBP=R,0.8466,0.847,0.8466,18803.0,2016-08-02,1:38:53:0
EURGBP=R,0.8466,0.847,0.8466,18804.0,2016-08-02,1:38:54:0
EURGBP=R,0.8467,0.8472,0.8467,18805.0,2016-08-02,1:39:1:0
EURGBP=R,0.8465,0.8473,0.8465,18806.0,2016-08-02,1:39:1:0
EURGBP=R,0.8467,0.8472,0.8467,18807.0,2016-08-02,1:39:2:0
EURGBP=R,0.8469,0.847,0.8469,18808.0,2016-08-02,1:39:2:0
EURGBP=R,0.8468,0.8469,0.8468,18809.0,2016-08-02,1:39:2:0
EURGBP=R,0.8467,0.847,0.8467,18810.0,2016-08-02,1:39:3:0
EURGBP=R,0.8467,0.8472,0.8467,18811.0,2016-08-02,1:39:3:0
EURGBP=R,0.8468,0.8471,0.8468,18812.0,2016-08-02,1:39:3:0
EURGBP=R,0.8468,0.847,0.8468,18813.0,2016-08-02,1:39:4:0
EURGBP=R,0.8468,0.8471,0.8468,18814.0,2016-08-02,1:39:5:0
EURGBP=R,0.8467,0.8472,0.8467,18815.0,2016-08-02,1:39:5:0
EURGBP=R,0.8467,0.8472,0.8467,18816.0,2016-08-02,1:39:5:0
EURGBP=R,0.8467,0.8472,0.8467,18817.0,2016-08-02,1:39:5:0
EURGBP=R,0.8467,0.8472,0.8467,18818.0,2016-08-02,1:39:6:0
EURGBP=R,0.8466,0.8473,0.8466,18819.0,2016-08-02,1:39:7:0
EURGBP=R,0.8467,0.8472,0.8467,18820.0,2016-08-02,1:39:8:0
EURGBP=R,0.8467,0.8472,0.8467,18821.0,2016-08-02,1:39:8:0
EURGBP=R,0.8467,0.8472,0.8467,18822.0,2016-08-02,1:39:9:0
EURGBP=R,0.8467,0.8474,0.8467,18823.0,2016-08-02,1:39:10:0
EURGBP=R,0.8467,0.8473,0.8467,18824.0,2016-08-02,1:39:11:0
EURGBP=R,0.8467,0.8472,0.8467,18825.0,2016-08-02,1:39:12:0
EURGBP=R,0.8467,0.8472,0.8467,18826.0,2016-08-02,1:39:13:0
EURGBP=R,0.8466,0.8473,0.8466,18827.0,2016-08-02,1:39:13:0
EURGBP=R,0.8467,0.8472,0.8467,18828.0,2016-08-02,1:39:14:0
EURGBP=R,0.8467,0.8472,0.8467,18829.0,2016-08-02,1:39:15:0
EURGBP=R,0.8467,0.8472,0.8467,18830.0,2016-08-02,1:39:16:0
EURGBP=R,0.8467,0.8473,0.8467,18831.0,2016-08-02,1:39:16:0
EURGBP=R,0.8467,0.8474,0.8467,18832.0,2016-08-02,1:39:16:0
EURGBP=R,0.8467,0.8472,0.8467,18833.0,2016-08-02,1:39:17:0
EURGBP=R,0.8467,0.8474,0.8467,18834.0,2016-08-02,1:39:18:0
EURGBP=R,0.8467,0.8474,0.8467,18835.0,2016-08-02,1:39:22:0
EURGBP=R,0.8467,0.8473,0.8467,18836.0,2016-08-02,1:39:23:0
EURGBP=R,0.8467,0.8473,0.8467,18837.0,2016-08-02,1:39:23:0
EURGBP=R,0.8467,0.8473,0.8467,18838.0,2016-08-02,1:39:23:0
EURGBP=R,0.8467,0.8474,0.8467,18839.0,2016-08-02,1:39:23:0
EURGBP=R,0.8467,0.8474,0.8467,18840.0,2016-08-02,1:39:24:0
EURGBP=R,0.8467,0.8473,0.8467,18841.0,2016-08-02,1:39:24:0
EURGBP=R,0.8469,0.8472,0.8469,18842.0,2016-08-02,1:39:24:0
EURGBP=R,0.8468,0.8473,0.8468,18843.0,2016-08-02,1:39:24:0
EURGBP=R,0.8468,0.8473,0.8468,18844.0,2016-08-02,1:39:25:0
EURGBP=R,0.8468,0.8473,0.8468,18845.0,2016-08-02,1:39:25:0
EURGBP=R,0.8468,0.8473,0.8468,18846.0,2016-08-02,1:39:26:0
EURGBP=R,0.8468,0.8474,0.8468,18847.0,2016-08-02,1:39:26:0
EURGBP=R,0.8468,0.8473,0.8468,18848.0,2016-08-02,1:39:27:0
EURGBP=R,0.8468,0.8472,0.8468,18849.0,2016-08-02,1:39:28:0
EURGBP=R,0.8468,0.8474,0.8468,18850.0,2016-08-02,1:39:29:0
EURGBP=R,0.8466,0.8473,0.8466,18851.0,2016-08-02,1:39:32:0
EURGBP=R,0.8466,0.8473,0.8466,18852.0,2016-08-02,1:39:34:0
EURGBP=R,0.8466,0.8473,0.8466,18853.0,2016-08-02,1:39:34:0
EURGBP=R,0.8466,0.8472,0.8466,18854.0,2016-08-02,1:39:35:0
EURGBP=R,0.8466,0.8472,0.8466,18855.0,2016-08-02,1:39:39:0
EURGBP=R,0.8466,0.8473,0.8466,18856.0,2016-08-02,1:39:39:0
EURGBP=R,0.8467,0.8472,0.8467,18857.0,2016-08-02,1:39:40:0
EURGBP=R,0.8466,0.8472,0.8466,18858.0,2016-08-02,1:39:41:0
EURGBP=R,0.8467,0.8472,0.8467,18859.0,2016-08-02,1:39:41:0
EURGBP=R,0.8466,0.8473,0.8466,18860.0,2016-08-02,1:39:42:0
EURGBP=R,0.8466,0.8472,0.8466,18861.0,2016-08-02,1:39:43:0
EURGBP=R,0.8467,0.8472,0.8467,18862.0,2016-08-02,1:39:44:0
EURGBP=R,0.8466,0.8473,0.8466,18863.0,2016-08-02,1:39:45:0
EURGBP=R,0.8466,0.8472,0.8466,18864.0,2016-08-02,1:39:47:0
EURGBP=R,0.8466,0.8473,0.8466,18865.0,2016-08-02,1:39:49:0
EURGBP=R,0.8467,0.8474,0.8467,18866.0,2016-08-02,1:39:49:0
EURGBP=R,0.8467,0.8473,0.8467,18867.0,2016-08-02,1:39:49:0
EURGBP=R,0.8467,0.8473,0.8467,18868.0,2016-08-02,1:39:50:0
EURGBP=R,0.8467,0.8472,0.8467,18869.0,2016-08-02,1:39:50:0
EURGBP=R,0.8467,0.8472,0.8467,18870.0,2016-08-02,1:39:50:0
EURGBP=R,0.8468,0.8473,0.8468,18871.0,2016-08-02,1:39:50:0
EURGBP=R,0.8468,0.8473,0.8468,18872.0,2016-08-02,1:39:50:0
EURGBP=R,0.8468,0.8474,0.8468,18873.0,2016-08-02,1:39:50:0
EURGBP=R,0.8469,0.8473,0.8469,18874.0,2016-08-02,1:39:51:0
EURGBP=R,0.8468,0.8474,0.8468,18875.0,2016-08-02,1:39:51:0
EURGBP=R,0.8468,0.8474,0.8468,18876.0,2016-08-02,1:39:51:0
EURGBP=R,0.8467,0.8474,0.8467,18877.0,2016-08-02,1:39:52:0
EURGBP=R,0.8466,0.8474,0.8466,18878.0,2016-08-02,1:39:52:0
EURGBP=R,0.8467,0.8474,0.8467,18879.0,2016-08-02,1:39:53:0
EURGBP=R,0.8468,0.8473,0.8468,18880.0,2016-08-02,1:39:54:0
EURGBP=R,0.8468,0.8473,0.8468,18881.0,2016-08-02,1:39:55:0
EURGBP=R,0.8467,0.8472,0.8467,18882.0,2016-08-02,1:39:55:0
EURGBP=R,0.8467,0.8474,0.8467,18883.0,2016-08-02,1:39:56:0
EURGBP=R,0.8466,0.8473,0.8466,18884.0,2016-08-02,1:39:56:0
EURGBP=R,0.8466,0.8473,0.8466,18885.0,2016-08-02,1:39:57:0
EURGBP=R,0.8466,0.8473,0.8466,18886.0,2016-08-02,1:39:57:0
EURGBP=R,0.8467,0.8472,0.8467,18887.0,2016-08-02,1:40:0:0
EURGBP=R,0.8467,0.8472,0.8467,18888.0,2016-08-02,1:40:0:0
EURGBP=R,0.8468,0.8472,0.8468,18889.0,2016-08-02,1:40:0:0
EURGBP=R,0.8468,0.8474,0.8468,18890.0,2016-08-02,1:40:0:0
EURGBP=R,0.8468,0.8472,0.8468,18891.0,2016-08-02,1:40:0:0
EURGBP=R,0.8467,0.8473,0.8467,18892.0,2016-08-02,1:40:1:0
EURGBP=R,0.8469,0.8473,0.8469,18893.0,2016-08-02,1:40:1:0
EURGBP=R,0.847,0.8471,0.847,18894.0,2016-08-02,1:40:1:0
EURGBP=R,0.8469,0.8473,0.8469,18895.0,2016-08-02,1:40:1:0
EURGBP=R,0.847,0.8471,0.847,18896.0,2016-08-02,1:40:2:0
EURGBP=R,0.847,0.8471,0.847,18897.0,2016-08-02,1:40:4:0
EURGBP=R,0.847,0.8471,0.847,18898.0,2016-08-02,1:40:5:0
EURGBP=R,0.8469,0.8473,0.8469,18899.0,2016-08-02,1:40:5:0
EURGBP=R,0.8467,0.8474,0.8467,18900.0,2016-08-02,1:40:6:0
EURGBP=R,0.8467,0.8474,0.8467,18901.0,2016-08-02,1:40:6:0
EURGBP=R,0.8468,0.8474,0.8468,18902.0,2016-08-02,1:40:8:0
EURGBP=R,0.8467,0.8474,0.8467,18903.0,2016-08-02,1:40:8:0
EURGBP=R,0.8467,0.8474,0.8467,18904.0,2016-08-02,1:40:9:0
EURGBP=R,0.8467,0.8474,0.8467,18905.0,2016-08-02,1:40:10:0
EURGBP=R,0.8467,0.8474,0.8467,18906.0,2016-08-02,1:40:14:0
EURGBP=R,0.8467,0.8474,0.8467,18907.0,2016-08-02,1:40:16:0
EURGBP=R,0.8467,0.8474,0.8467,18908.0,2016-08-02,1:40:17:0
EURGBP=R,0.8467,0.8474,0.8467,18909.0,2016-08-02,1:40:20:0
EURGBP=R,0.8467,0.8474,0.8467,18910.0,2016-08-02,1:40:21:0
EURGBP=R,0.8467,0.8473,0.8467,18911.0,2016-08-02,1:40:23:0
EURGBP=R,0.8468,0.8473,0.8468,18912.0,2016-08-02,1:40:25:0
EURGBP=R,0.8468,0.8473,0.8468,18913.0,2016-08-02,1:40:30:0
EURGBP=R,0.8468,0.8473,0.8468,18914.0,2016-08-02,1:40:30:0
EURGBP=R,0.8468,0.8472,0.8468,18915.0,2016-08-02,1:40:30:0
EURGBP=R,0.8468,0.8472,0.8468,18916.0,2016-08-02,1:40:31:0
EURGBP=R,0.8468,0.8472,0.8468,18917.0,2016-08-02,1:40:31:0
EURGBP=R,0.8468,0.8473,0.8468,18918.0,2016-08-02,1:40:32:0
EURGBP=R,0.8468,0.8473,0.8468,18919.0,2016-08-02,1:40:32:0
EURGBP=R,0.8468,0.8474,0.8468,18920.0,2016-08-02,1:40:32:0
EURGBP=R,0.8467,0.8474,0.8467,18921.0,2016-08-02,1:40:32:0
EURGBP=R,0.8468,0.8474,0.8468,18922.0,2016-08-02,1:40:32:0
EURGBP=R,0.8469,0.8474,0.8469,18923.0,2016-08-02,1:40:32:0
EURGBP=R,0.8468,0.8476,0.8468,18924.0,2016-08-02,1:40:33:0
EURGBP=R,0.8469,0.8474,0.8469,18925.0,2016-08-02,1:40:33:0
EURGBP=R,0.8468,0.8474,0.8468,18926.0,2016-08-02,1:40:33:0
EURGBP=R,0.8469,0.8473,0.8469,18927.0,2016-08-02,1:40:33:0
EURGBP=R,0.8469,0.8473,0.8469,18928.0,2016-08-02,1:40:33:0
EURGBP=R,0.8468,0.8472,0.8468,18929.0,2016-08-02,1:40:33:0
EURGBP=R,0.8467,0.8472,0.8467,18930.0,2016-08-02,1:40:33:0
EURGBP=R,0.8468,0.8474,0.8468,18931.0,2016-08-02,1:40:34:0
EURGBP=R,0.8468,0.8474,0.8468,18932.0,2016-08-02,1:40:34:0
EURGBP=R,0.8468,0.8474,0.8468,18933.0,2016-08-02,1:40:34:0
EURGBP=R,0.8467,0.8474,0.8467,18934.0,2016-08-02,1:40:35:0
EURGBP=R,0.8467,0.8474,0.8467,18935.0,2016-08-02,1:40:37:0
EURGBP=R,0.8467,0.8474,0.8467,18936.0,2016-08-02,1:40:37:0
EURGBP=R,0.8467,0.8474,0.8467,18937.0,2016-08-02,1:40:37:0
EURGBP=R,0.8468,0.8474,0.8468,18938.0,2016-08-02,1:40:38:0
EURGBP=R,0.8468,0.8474,0.8468,18939.0,2016-08-02,1:40:39:0
EURGBP=R,0.8468,0.8473,0.8468,18940.0,2016-08-02,1:40:39:0
EURGBP=R,0.8468,0.8472,0.8468,18941.0,2016-08-02,1:40:40:0
EURGBP=R,0.8468,0.8473,0.8468,18942.0,2016-08-02,1:40:40:0
EURGBP=R,0.8468,0.8472,0.8468,18943.0,2016-08-02,1:40:40:0
EURGBP=R,0.8468,0.8473,0.8468,18944.0,2016-08-02,1:40:40:0
EURGBP=R,0.8467,0.8474,0.8467,18945.0,2016-08-02,1:40:41:0
EURGBP=R,0.8468,0.8474,0.8468,18946.0,2016-08-02,1:40:41:0
EURGBP=R,0.8468,0.8474,0.8468,18947.0,2016-08-02,1:40:44:0
EURGBP=R,0.8467,0.8474,0.8467,18948.0,2016-08-02,1:40:45:0
EURGBP=R,0.8469,0.8474,0.8469,18949.0,2016-08-02,1:40:45:0
EURGBP=R,0.8468,0.8474,0.8468,18950.0,2016-08-02,1:40:46:0
EURGBP=R,0.8469,0.8473,0.8469,18951.0,2016-08-02,1:40:46:0
EURGBP=R,0.8467,0.8474,0.8467,18952.0,2016-08-02,1:40:47:0
EURGBP=R,0.8467,0.8474,0.8467,18953.0,2016-08-02,1:40:50:0
EURGBP=R,0.8467,0.8474,0.8467,18954.0,2016-08-02,1:40:50:0
EURGBP=R,0.8467,0.8474,0.8467,18955.0,2016-08-02,1:40:50:0
EURGBP=R,0.8467,0.8474,0.8467,18956.0,2016-08-02,1:40:50:0
EURGBP=R,0.8467,0.8474,0.8467,18957.0,2016-08-02,1:40:50:0
EURGBP=R,0.8467,0.8474,0.8467,18958.0,2016-08-02,1:40:53:0
EURGBP=R,0.8467,0.8474,0.8467,18959.0,2016-08-02,1:40:55:0
EURGBP=R,0.8468,0.8473,0.8468,18960.0,2016-08-02,1:40:55:0
EURGBP=R,0.8467,0.8473,0.8467,18961.0,2016-08-02,1:40:55:0
EURGBP=R,0.8467,0.8473,0.8467,18962.0,2016-08-02,1:40:55:0
EURGBP=R,0.8467,0.8473,0.8467,18963.0,2016-08-02,1:40:55:0
EURGBP=R,0.8467,0.8473,0.8467,18964.0,2016-08-02,1:40:56:0
EURGBP=R,0.8468,0.8474,0.8468,18965.0,2016-08-02,1:40:57:0
EURGBP=R,0.8469,0.8473,0.8469,18966.0,2016-08-02,1:40:57:0
EURGBP=R,0.8468,0.8474,0.8468,18967.0,2016-08-02,1:40:57:0
EURGBP=R,0.8468,0.8474,0.8468,18968.0,2016-08-02,1:40:59:0
EURGBP=R,0.8468,0.8474,0.8468,18969.0,2016-08-02,1:41:0:0
EURGBP=R,0.8469,0.8474,0.8469,18972.0,2016-08-02,1:41:0:0
EURGBP=R,0.8469,0.8474,0.8469,18972.0,2016-08-02,1:41:0:0
EURGBP=R,0.8469,0.8474,0.8469,18972.0,2016-08-02,1:41:0:0
EURGBP=R,0.8469,0.8473,0.8469,18973.0,2016-08-02,1:41:1:0
EURGBP=R,0.8469,0.8474,0.8469,18974.0,2016-08-02,1:41:1:0
EURGBP=R,0.8469,0.8474,0.8469,18975.0,2016-08-02,1:41:1:0
EURGBP=R,0.847,0.8473,0.847,18976.0,2016-08-02,1:41:1:0
EURGBP=R,0.847,0.8471,0.847,18977.0,2016-08-02,1:41:2:0
EURGBP=R,0.8468,0.8473,0.8468,18978.0,2016-08-02,1:41:2:0
EURGBP=R,0.8467,0.8474,0.8467,18979.0,2016-08-02,1:41:2:0
EURGBP=R,0.8467,0.8473,0.8467,18980.0,2016-08-02,1:41:2:0
EURGBP=R,0.8468,0.8472,0.8468,18981.0,2016-08-02,1:41:3:0
EURGBP=R,0.8468,0.8472,0.8468,18982.0,2016-08-02,1:41:3:0
EURGBP=R,0.8468,0.8474,0.8468,18983.0,2016-08-02,1:41:4:0
EURGBP=R,0.8468,0.8474,0.8468,18984.0,2016-08-02,1:41:5:0
EURGBP=R,0.8469,0.8472,0.8469,18985.0,2016-08-02,1:41:5:0
EURGBP=R,0.8468,0.8473,0.8468,18986.0,2016-08-02,1:41:6:0
EURGBP=R,0.8467,0.8473,0.8467,18987.0,2016-08-02,1:41:6:0
EURGBP=R,0.8467,0.8473,0.8467,18988.0,2016-08-02,1:41:6:0
EURGBP=R,0.8467,0.8474,0.8467,18989.0,2016-08-02,1:41:6:0
EURGBP=R,0.8468,0.8473,0.8468,18991.0,2016-08-02,1:41:6:0
EURGBP=R,0.8468,0.8473,0.8468,18991.0,2016-08-02,1:41:6:0
EURGBP=R,0.8468,0.8472,0.8468,18992.0,2016-08-02,1:41:7:0
EURGBP=R,0.8467,0.8473,0.8467,18993.0,2016-08-02,1:41:7:0
EURGBP=R,0.8467,0.8473,0.8467,18994.0,2016-08-02,1:41:8:0
EURGBP=R,0.8467,0.8473,0.8467,18995.0,2016-08-02,1:41:9:0
EURGBP=R,0.8467,0.8474,0.8467,18996.0,2016-08-02,1:41:9:0
EURGBP=R,0.8467,0.8474,0.8467,18997.0,2016-08-02,1:41:11:0
EURGBP=R,0.8467,0.8473,0.8467,18998.0,2016-08-02,1:41:13:0
EURGBP=R,0.8467,0.8473,0.8467,18999.0,2016-08-02,1:41:15:0
EURGBP=R,0.8467,0.8473,0.8467,19000.0,2016-08-02,1:41:16:0
EURGBP=R,0.8467,0.8474,0.8467,19001.0,2016-08-02,1:41:16:0
EURGBP=R,0.8467,0.8472,0.8467,19002.0,2016-08-02,1:41:16:0
EURGBP=R,0.8467,0.8472,0.8467,19003.0,2016-08-02,1:41:17:0
EURGBP=R,0.8467,0.8473,0.8467,19004.0,2016-08-02,1:41:17:0
EURGBP=R,0.8467,0.8472,0.8467,19005.0,2016-08-02,1:41:17:0
EURGBP=R,0.8467,0.8473,0.8467,19006.0,2016-08-02,1:41:18:0
EURGBP=R,0.8467,0.8472,0.8467,19007.0,2016-08-02,1:41:18:0
EURGBP=R,0.8467,0.8474,0.8467,19008.0,2016-08-02,1:41:19:0
EURGBP=R,0.8467,0.8474,0.8467,19009.0,2016-08-02,1:41:20:0
EURGBP=R,0.8467,0.8474,0.8467,19010.0,2016-08-02,1:41:20:0
EURGBP=R,0.8467,0.8474,0.8467,19011.0,2016-08-02,1:41:21:0
EURGBP=R,0.8467,0.8474,0.8467,19012.0,2016-08-02,1:41:22:0
EURGBP=R,0.8467,0.8474,0.8467,19013.0,2016-08-02,1:41:23:0
EURGBP=R,0.8467,0.8474,0.8467,19014.0,2016-08-02,1:41:24:0
EURGBP=R,0.8467,0.8474,0.8467,19015.0,2016-08-02,1:41:26:0
EURGBP=R,0.8467,0.8473,0.8467,19016.0,2016-08-02,1:41:26:0
EURGBP=R,0.8467,0.8473,0.8467,19017.0,2016-08-02,1:41:27:0
EURGBP=R,0.8467,0.8473,0.8467,19018.0,2016-08-02,1:41:27:0
EURGBP=R,0.8467,0.8474,0.8467,19019.0,2016-08-02,1:41:27:0
EURGBP=R,0.8467,0.8474,0.8467,19020.0,2016-08-02,1:41:30:0
EURGBP=R,0.8467,0.8474,0.8467,19021.0,2016-08-02,1:41:30:0
EURGBP=R,0.8467,0.8474,0.8467,19022.0,2016-08-02,1:41:33:0
EURGBP=R,0.8467,0.8474,0.8467,19023.0,2016-08-02,1:41:33:0
EURGBP=R,0.8467,0.8474,0.8467,19024.0,2016-08-02,1:41:35:0
EURGBP=R,0.8467,0.8474,0.8467,19025.0,2016-08-02,1:41:36:0
EURGBP=R,0.8468,0.8474,0.8468,19026.0,2016-08-02,1:41:38:0
EURGBP=R,0.8468,0.8474,0.8468,19027.0,2016-08-02,1:41:39:0
EURGBP=R,0.8468,0.8474,0.8468,19028.0,2016-08-02,1:41:39:0
EURGBP=R,0.8468,0.8474,0.8468,19029.0,2016-08-02,1:41:39:0
EURGBP=R,0.8468,0.8474,0.8468,19030.0,2016-08-02,1:41:39:0
EURGBP=R,0.8468,0.8474,0.8468,19031.0,2016-08-02,1:41:42:0
EURGBP=R,0.8468,0.8474,0.8468,19032.0,2016-08-02,1:41:45:0
EURGBP=R,0.8467,0.8474,0.8467,19033.0,2016-08-02,1:41:46:0
EURGBP=R,0.8467,0.8474,0.8467,19034.0,2016-08-02,1:41:46:0
EURGBP=R,0.8467,0.8474,0.8467,19035.0,2016-08-02,1:41:48:0
EURGBP=R,0.8468,0.8473,0.8468,19036.0,2016-08-02,1:41:48:0
EURGBP=R,0.8468,0.8473,0.8468,19037.0,2016-08-02,1:41:50:0
EURGBP=R,0.8467,0.8474,0.8467,19038.0,2016-08-02,1:41:50:0
EURGBP=R,0.8467,0.8474,0.8467,19039.0,2016-08-02,1:41:51:0
EURGBP=R,0.8467,0.8473,0.8467,19040.0,2016-08-02,1:41:51:0
EURGBP=R,0.8467,0.8473,0.8467,19041.0,2016-08-02,1:41:53:0
EURGBP=R,0.8467,0.8474,0.8467,19042.0,2016-08-02,1:41:53:0
EURGBP=R,0.8467,0.8473,0.8467,19043.0,2016-08-02,1:41:53:0
EURGBP=R,0.8467,0.8474,0.8467,19044.0,2016-08-02,1:41:54:0
EURGBP=R,0.8467,0.8473,0.8467,19045.0,2016-08-02,1:41:57:0
EURGBP=R,0.8467,0.8473,0.8467,19046.0,2016-08-02,1:41:59:0
EURGBP=R,0.8467,0.8474,0.8467,19047.0,2016-08-02,1:42:0:0
EURGBP=R,0.8467,0.8473,0.8467,19048.0,2016-08-02,1:42:0:0
EURGBP=R,0.8469,0.8472,0.8469,19049.0,2016-08-02,1:42:1:0
EURGBP=R,0.847,0.8472,0.847,19050.0,2016-08-02,1:42:1:0
EURGBP=R,0.847,0.8472,0.847,19051.0,2016-08-02,1:42:1:0
EURGBP=R,0.847,0.8471,0.847,19052.0,2016-08-02,1:42:4:0
EURGBP=R,0.8468,0.8472,0.8468,19053.0,2016-08-02,1:42:4:0
EURGBP=R,0.8468,0.8472,0.8468,19054.0,2016-08-02,1:42:5:0
EURGBP=R,0.8468,0.8472,0.8468,19055.0,2016-08-02,1:42:9:0
EURGBP=R,0.8467,0.8474,0.8467,19056.0,2016-08-02,1:42:9:0
EURGBP=R,0.8468,0.8473,0.8468,19057.0,2016-08-02,1:42:12:0
EURGBP=R,0.8468,0.8473,0.8468,19058.0,2016-08-02,1:42:14:0
EURGBP=R,0.8468,0.8473,0.8468,19059.0,2016-08-02,1:42:14:0
EURGBP=R,0.8468,0.8472,0.8468,19060.0,2016-08-02,1:42:15:0
EURGBP=R,0.847,0.8473,0.847,19061.0,2016-08-02,1:42:16:0
EURGBP=R,0.8469,0.8474,0.8469,19062.0,2016-08-02,1:42:16:0
EURGBP=R,0.847,0.8473,0.847,19063.0,2016-08-02,1:42:17:0
EURGBP=R,0.8469,0.8474,0.8469,19064.0,2016-08-02,1:42:17:0
EURGBP=R,0.847,0.8473,0.847,19065.0,2016-08-02,1:42:17:0
EURGBP=R,0.8469,0.8474,0.8469,19066.0,2016-08-02,1:42:17:0
EURGBP=R,0.8468,0.8474,0.8468,19067.0,2016-08-02,1:42:18:0
EURGBP=R,0.8468,0.8474,0.8468,19068.0,2016-08-02,1:42:18:0
