Symbol,Bid,Ask,Last,Volume,Date,Time
GBP=,1.3184,1.3187,1.3184,8834.0,2016-08-02,1:19:53:0
GBP=,1.3182,1.3188,1.3182,8835.0,2016-08-02,1:19:57:0
GBP=,1.3184,1.3187,1.3184,8836.0,2016-08-02,1:19:57:0
GBP=,1.3185,1.3187,1.3185,8837.0,2016-08-02,1:19:58:0
GBP=,1.3183,1.3187,1.3183,8838.0,2016-08-02,1:20:0:0
GBP=,1.3182,1.3187,1.3182,8839.0,2016-08-02,1:20:0:0
GBP=,1.3184,1.3186,1.3184,8840.0,2016-08-02,1:20:1:0
GBP=,1.3184,1.3189,1.3184,8841.0,2016-08-02,1:20:1:0
GBP=,1.3182,1.3188,1.3182,8842.0,2016-08-02,1:20:2:0
GBP=,1.3183,1.3186,1.3183,8843.0,2016-08-02,1:20:3:0
GBP=,1.3183,1.3186,1.3183,8844.0,2016-08-02,1:20:3:0
GBP=,1.3183,1.3186,1.3183,8845.0,2016-08-02,1:20:6:0
GBP=,1.3182,1.3188,1.3182,8846.0,2016-08-02,1:20:7:0
GBP=,1.3183,1.3188,1.3183,8847.0,2016-08-02,1:20:8:0
GBP=,1.3184,1.3187,1.3184,8848.0,2016-08-02,1:20:11:0
GBP=,1.3184,1.3187,1.3184,8849.0,2016-08-02,1:20:14:0
GBP=,1.3183,1.3187,1.3183,8850.0,2016-08-02,1:20:15:0
GBP=,1.3183,1.3187,1.3183,8851.0,2016-08-02,1:20:16:0
GBP=,1.3183,1.3187,1.3183,8852.0,2016-08-02,1:20:17:0
GBP=,1.3182,1.3188,1.3182,8853.0,2016-08-02,1:20:20:0
GBP=,1.3183,1.3187,1.3183,8854.0,2016-08-02,1:20:21:0
GBP=,1.3183,1.3188,1.3183,8855.0,2016-08-02,1:20:21:0
GBP=,1.3183,1.3187,1.3183,8856.0,2016-08-02,1:20:22:0
GBP=,1.3182,1.3188,1.3182,8857.0,2016-08-02,1:20:23:0
GBP=,1.3183,1.3187,1.3183,8858.0,2016-08-02,1:20:23:0
GBP=,1.3184,1.3187,1.3184,8859.0,2016-08-02,1:20:29:0
GBP=,1.3183,1.3187,1.3183,8860.0,2016-08-02,1:20:30:0
GBP=,1.3181,1.3188,1.3181,8861.0,2016-08-02,1:20:30:0
GBP=,1.3183,1.3186,1.3183,8862.0,2016-08-02,1:20:31:0
GBP=,1.3182,1.3188,1.3182,8863.0,2016-08-02,1:20:32:0
GBP=,1.3184,1.3187,1.3184,8864.0,2016-08-02,1:20:32:0
GBP=,1.3184,1.3187,1.3184,8865.0,2016-08-02,1:20:33:0
GBP=,1.3181,1.3188,1.3181,8866.0,2016-08-02,1:20:35:0
GBP=,1.3183,1.3186,1.3183,8867.0,2016-08-02,1:20:37:0
GBP=,1.3181,1.3188,1.3181,8868.0,2016-08-02,1:20:38:0
GBP=,1.3182,1.3188,1.3182,8869.0,2016-08-02,1:20:38:0
GBP=,1.3183,1.3187,1.3183,8870.0,2016-08-02,1:20:43:0
GBP=,1.3183,1.3187,1.3183,8871.0,2016-08-02,1:20:45:0
GBP=,1.3183,1.3187,1.3183,8872.0,2016-08-02,1:20:45:0
GBP=,1.3184,1.3187,1.3184,8873.0,2016-08-02,1:20:46:0
GBP=,1.3184,1.3187,1.3184,8874.0,2016-08-02,1:20:47:0
GBP=,1.3181,1.3188,1.3181,8875.0,2016-08-02,1:20:48:0
GBP=,1.3183,1.3186,1.3183,8876.0,2016-08-02,1:20:49:0
GBP=,1.3181,1.3188,1.3181,8877.0,2016-08-02,1:20:50:0
GBP=,1.3181,1.3188,1.3181,8878.0,2016-08-02,1:20:54:0
GBP=,1.3182,1.3188,1.3182,8879.0,2016-08-02,1:20:56:0
GBP=,1.3183,1.3187,1.3183,8880.0,2016-08-02,1:20:57:0
GBP=,1.3181,1.3188,1.3181,8881.0,2016-08-02,1:20:57:0
GBP=,1.3182,1.3186,1.3182,8882.0,2016-08-02,1:20:58:0
GBP=,1.3182,1.3186,1.3182,8883.0,2016-08-02,1:21:1:0
GBP=,1.3184,1.3186,1.3184,8884.0,2016-08-02,1:21:1:0
GBP=,1.3181,1.3188,1.3181,8885.0,2016-08-02,1:21:2:0
GBP=,1.3183,1.3187,1.3183,8886.0,2016-08-02,1:21:2:0
GBP=,1.3184,1.3187,1.3184,8887.0,2016-08-02,1:21:6:0
GBP=,1.3184,1.3187,1.3184,8888.0,2016-08-02,1:21:7:0
GBP=,1.3184,1.3187,1.3184,8889.0,2016-08-02,1:21:10:0
GBP=,1.3181,1.3188,1.3181,8890.0,2016-08-02,1:21:15:0
GBP=,1.3182,1.3186,1.3182,8891.0,2016-08-02,1:21:16:0
GBP=,1.3181,1.3188,1.3181,8892.0,2016-08-02,1:21:17:0
GBP=,1.3183,1.3187,1.3183,8893.0,2016-08-02,1:21:17:0
GBP=,1.3181,1.3188,1.3181,8894.0,2016-08-02,1:21:17:0
GBP=,1.3183,1.3186,1.3183,8895.0,2016-08-02,1:21:18:0
GBP=,1.3182,1.3186,1.3182,8896.0,2016-08-02,1:21:18:0
GBP=,1.3183,1.3186,1.3183,8897.0,2016-08-02,1:21:19:0
GBP=,1.3183,1.3187,1.3183,8898.0,2016-08-02,1:21:20:0
GBP=,1.3181,1.3188,1.3181,8899.0,2016-08-02,1:21:20:0
GBP=,1.3183,1.3186,1.3183,8900.0,2016-08-02,1:21:21:0
GBP=,1.3181,1.3188,1.3181,8901.0,2016-08-02,1:21:23:0
GBP=,1.3182,1.3186,1.3182,8902.0,2016-08-02,1:21:26:0
GBP=,1.3181,1.3188,1.3181,8903.0,2016-08-02,1:21:27:0
GBP=,1.3181,1.3188,1.3181,8904.0,2016-08-02,1:21:30:0
GBP=,1.3182,1.3188,1.3182,8905.0,2016-08-02,1:21:32:0
GBP=,1.3181,1.3188,1.3181,8906.0,2016-08-02,1:21:33:0
GBP=,1.3182,1.3186,1.3182,8907.0,2016-08-02,1:21:33:0
GBP=,1.3182,1.3186,1.3182,8908.0,2016-08-02,1:21:37:0
GBP=,1.3182,1.3186,1.3182,8909.0,2016-08-02,1:21:42:0
GBP=,1.3181,1.3188,1.3181,8910.0,2016-08-02,1:21:43:0
GBP=,1.3182,1.3188,1.3182,8911.0,2016-08-02,1:21:45:0
GBP=,1.3181,1.3188,1.3181,8912.0,2016-08-02,1:21:45:0
GBP=,1.3181,1.3184,1.3181,8913.0,2016-08-02,1:21:46:0
GBP=,1.318,1.3186,1.318,8914.0,2016-08-02,1:21:46:0
GBP=,1.3182,1.3186,1.3182,8915.0,2016-08-02,1:21:46:0
GBP=,1.3181,1.3185,1.3181,8916.0,2016-08-02,1:21:47:0
GBP=,1.318,1.3186,1.318,8917.0,2016-08-02,1:21:47:0
GBP=,1.3181,1.3184,1.3181,8918.0,2016-08-02,1:21:47:0
GBP=,1.318,1.3186,1.318,8919.0,2016-08-02,1:21:49:0
GBP=,1.318,1.3186,1.318,8920.0,2016-08-02,1:21:54:0
GBP=,1.3181,1.3186,1.3181,8921.0,2016-08-02,1:21:54:0
GBP=,1.3182,1.3186,1.3182,8922.0,2016-08-02,1:21:57:0
GBP=,1.3183,1.3186,1.3183,8923.0,2016-08-02,1:21:59:0
GBP=,1.318,1.3186,1.318,8924.0,2016-08-02,1:22:0:0
GBP=,1.3184,1.3186,1.3184,8925.0,2016-08-02,1:22:0:0
GBP=,1.3182,1.3184,1.3182,8926.0,2016-08-02,1:22:1:0
GBP=,1.3182,1.3187,1.3182,8927.0,2016-08-02,1:22:1:0
GBP=,1.3183,1.3186,1.3183,8928.0,2016-08-02,1:22:1:0
GBP=,1.3181,1.3185,1.3181,8929.0,2016-08-02,1:22:3:0
GBP=,1.318,1.3184,1.318,8930.0,2016-08-02,1:22:4:0
GBP=,1.3179,1.3186,1.3179,8931.0,2016-08-02,1:22:4:0
GBP=,1.318,1.3184,1.318,8932.0,2016-08-02,1:22:5:0
GBP=,1.3181,1.3184,1.3181,8933.0,2016-08-02,1:22:5:0
GBP=,1.318,1.3184,1.318,8934.0,2016-08-02,1:22:6:0
GBP=,1.3179,1.3186,1.3179,8935.0,2016-08-02,1:22:7:0
GBP=,1.3181,1.3184,1.3181,8936.0,2016-08-02,1:22:8:0
GBP=,1.3181,1.3185,1.3181,8937.0,2016-08-02,1:22:9:0
GBP=,1.3182,1.3184,1.3182,8938.0,2016-08-02,1:22:9:0
GBP=,1.3181,1.3184,1.3181,8939.0,2016-08-02,1:22:9:0
GBP=,1.3182,1.3186,1.3182,8940.0,2016-08-02,1:22:10:0
GBP=,1.3181,1.3185,1.3181,8941.0,2016-08-02,1:22:10:0
GBP=,1.318,1.3187,1.318,8942.0,2016-08-02,1:22:10:0
GBP=,1.3182,1.3186,1.3182,8943.0,2016-08-02,1:22:11:0
GBP=,1.3183,1.3186,1.3183,8944.0,2016-08-02,1:22:13:0
GBP=,1.3181,1.3188,1.3181,8945.0,2016-08-02,1:22:13:0
GBP=,1.3181,1.3185,1.3181,8946.0,2016-08-02,1:22:16:0
GBP=,1.3181,1.3185,1.3181,8947.0,2016-08-02,1:22:17:0
GBP=,1.3182,1.3185,1.3182,8948.0,2016-08-02,1:22:20:0
GBP=,1.3182,1.3186,1.3182,8949.0,2016-08-02,1:22:26:0
GBP=,1.3182,1.3185,1.3182,8950.0,2016-08-02,1:22:26:0
GBP=,1.3179,1.3185,1.3179,8951.0,2016-08-02,1:22:30:0
GBP=,1.3181,1.3184,1.3181,8952.0,2016-08-02,1:22:31:0
GBP=,1.3182,1.3184,1.3182,8953.0,2016-08-02,1:22:33:0
GBP=,1.3181,1.3184,1.3181,8954.0,2016-08-02,1:22:33:0
GBP=,1.3182,1.3186,1.3182,8955.0,2016-08-02,1:22:37:0
GBP=,1.318,1.3186,1.318,8956.0,2016-08-02,1:22:37:0
GBP=,1.318,1.3183,1.318,8957.0,2016-08-02,1:22:37:0
GBP=,1.3181,1.3185,1.3181,8958.0,2016-08-02,1:22:38:0
GBP=,1.3181,1.3185,1.3181,8959.0,2016-08-02,1:22:39:0
GBP=,1.318,1.3186,1.318,8960.0,2016-08-02,1:22:39:0
GBP=,1.3179,1.3182,1.3179,8961.0,2016-08-02,1:22:42:0
GBP=,1.318,1.3184,1.318,8962.0,2016-08-02,1:22:42:0
GBP=,1.318,1.3186,1.318,8963.0,2016-08-02,1:22:42:0
GBP=,1.3179,1.3185,1.3179,8964.0,2016-08-02,1:22:42:0
GBP=,1.318,1.3184,1.318,8965.0,2016-08-02,1:22:43:0
GBP=,1.3179,1.3185,1.3179,8966.0,2016-08-02,1:22:45:0
GBP=,1.3181,1.3184,1.3181,8967.0,2016-08-02,1:22:45:0
GBP=,1.318,1.3184,1.318,8968.0,2016-08-02,1:22:46:0
GBP=,1.318,1.3183,1.318,8969.0,2016-08-02,1:22:47:0
GBP=,1.3179,1.3185,1.3179,8970.0,2016-08-02,1:22:48:0
GBP=,1.3179,1.3185,1.3179,8971.0,2016-08-02,1:22:49:0
GBP=,1.318,1.3184,1.318,8972.0,2016-08-02,1:22:57:0
GBP=,1.3179,1.3185,1.3179,8973.0,2016-08-02,1:22:57:0
GBP=,1.3178,1.3185,1.3178,8974.0,2016-08-02,1:22:57:0
GBP=,1.318,1.3185,1.318,8975.0,2016-08-02,1:22:58:0
GBP=,1.318,1.3185,1.318,8976.0,2016-08-02,1:23:0:0
GBP=,1.318,1.3185,1.318,8977.0,2016-08-02,1:23:0:0
GBP=,1.3181,1.3183,1.3181,8978.0,2016-08-02,1:23:2:0
GBP=,1.318,1.3185,1.318,8979.0,2016-08-02,1:23:2:0
GBP=,1.3179,1.3185,1.3179,8980.0,2016-08-02,1:23:3:0
GBP=,1.318,1.3184,1.318,8981.0,2016-08-02,1:23:4:0
GBP=,1.3181,1.3184,1.3181,8982.0,2016-08-02,1:23:4:0
GBP=,1.3181,1.3185,1.3181,8983.0,2016-08-02,1:23:5:0
GBP=,1.318,1.3184,1.318,8984.0,2016-08-02,1:23:5:0
GBP=,1.3179,1.3185,1.3179,8985.0,2016-08-02,1:23:6:0
GBP=,1.318,1.3186,1.318,8986.0,2016-08-02,1:23:6:0
GBP=,1.3182,1.3185,1.3182,8987.0,2016-08-02,1:23:6:0
GBP=,1.3181,1.3185,1.3181,8988.0,2016-08-02,1:23:7:0
GBP=,1.3182,1.3185,1.3182,8989.0,2016-08-02,1:23:7:0
GBP=,1.318,1.3186,1.318,8990.0,2016-08-02,1:23:9:0
GBP=,1.3181,1.3185,1.3181,8991.0,2016-08-02,1:23:11:0
GBP=,1.318,1.3186,1.318,8992.0,2016-08-02,1:23:12:0
GBP=,1.318,1.3186,1.318,8993.0,2016-08-02,1:23:13:0
GBP=,1.3181,1.3185,1.3181,8994.0,2016-08-02,1:23:15:0
GBP=,1.318,1.3183,1.318,8995.0,2016-08-02,1:23:15:0
GBP=,1.3179,1.3186,1.3179,8996.0,2016-08-02,1:23:15:0
GBP=,1.318,1.3184,1.318,8997.0,2016-08-02,1:23:16:0
GBP=,1.3181,1.3184,1.3181,8998.0,2016-08-02,1:23:17:0
GBP=,1.3179,1.3186,1.3179,8999.0,2016-08-02,1:23:18:0
GBP=,1.318,1.3186,1.318,9000.0,2016-08-02,1:23:20:0
GBP=,1.318,1.3184,1.318,9001.0,2016-08-02,1:23:21:0
GBP=,1.3179,1.3185,1.3179,9002.0,2016-08-02,1:23:21:0
GBP=,1.318,1.3184,1.318,9003.0,2016-08-02,1:23:21:0
GBP=,1.3179,1.3186,1.3179,9004.0,2016-08-02,1:23:21:0
GBP=,1.318,1.3186,1.318,9005.0,2016-08-02,1:23:26:0
GBP=,1.318,1.3184,1.318,9006.0,2016-08-02,1:23:27:0
GBP=,1.3178,1.3186,1.3178,9007.0,2016-08-02,1:23:27:0
GBP=,1.3179,1.3185,1.3179,9008.0,2016-08-02,1:23:28:0
GBP=,1.318,1.3184,1.318,9009.0,2016-08-02,1:23:29:0
GBP=,1.3179,1.3185,1.3179,9010.0,2016-08-02,1:23:30:0
GBP=,1.3179,1.3185,1.3179,9011.0,2016-08-02,1:23:30:0
GBP=,1.3181,1.3185,1.3181,9012.0,2016-08-02,1:23:30:0
GBP=,1.3181,1.3184,1.3181,9013.0,2016-08-02,1:23:30:0
GBP=,1.318,1.3186,1.318,9014.0,2016-08-02,1:23:31:0
GBP=,1.3181,1.3185,1.3181,9015.0,2016-08-02,1:23:31:0
GBP=,1.3182,1.3185,1.3182,9016.0,2016-08-02,1:23:34:0
GBP=,1.318,1.3186,1.318,9017.0,2016-08-02,1:23:34:0
GBP=,1.3181,1.3185,1.3181,9018.0,2016-08-02,1:23:36:0
GBP=,1.318,1.3186,1.318,9019.0,2016-08-02,1:23:37:0
GBP=,1.318,1.3186,1.318,9020.0,2016-08-02,1:23:37:0
GBP=,1.3181,1.3186,1.3181,9021.0,2016-08-02,1:23:45:0
GBP=,1.318,1.3186,1.318,9022.0,2016-08-02,1:23:46:0
GBP=,1.3181,1.3185,1.3181,9023.0,2016-08-02,1:23:46:0
GBP=,1.3182,1.3185,1.3182,9024.0,2016-08-02,1:23:52:0
GBP=,1.3182,1.3185,1.3182,9025.0,2016-08-02,1:23:53:0
GBP=,1.3182,1.3185,1.3182,9026.0,2016-08-02,1:23:55:0
GBP=,1.3181,1.3185,1.3181,9027.0,2016-08-02,1:23:57:0
GBP=,1.3179,1.3186,1.3179,9028.0,2016-08-02,1:23:57:0
GBP=,1.3179,1.3186,1.3179,9029.0,2016-08-02,1:23:58:0
GBP=,1.318,1.3184,1.318,9030.0,2016-08-02,1:23:58:0
GBP=,1.3181,1.3184,1.3181,9031.0,2016-08-02,1:23:59:0
GBP=,1.3181,1.3184,1.3181,9032.0,2016-08-02,1:23:59:0
GBP=,1.318,1.3186,1.318,9033.0,2016-08-02,1:24:0:0
GBP=,1.318,1.3185,1.318,9034.0,2016-08-02,1:24:0:0
GBP=,1.3182,1.3183,1.3182,9035.0,2016-08-02,1:24:1:0
GBP=,1.3182,1.3183,1.3182,9036.0,2016-08-02,1:24:2:0
GBP=,1.3179,1.3186,1.3179,9037.0,2016-08-02,1:24:3:0
GBP=,1.318,1.3183,1.318,9038.0,2016-08-02,1:24:4:0
GBP=,1.318,1.3184,1.318,9039.0,2016-08-02,1:24:4:0
GBP=,1.3179,1.3185,1.3179,9040.0,2016-08-02,1:24:6:0
GBP=,1.3179,1.3185,1.3179,9041.0,2016-08-02,1:24:9:0
GBP=,1.3179,1.3185,1.3179,9042.0,2016-08-02,1:24:9:0
GBP=,1.3181,1.3184,1.3181,9043.0,2016-08-02,1:24:11:0
GBP=,1.318,1.3184,1.318,9044.0,2016-08-02,1:24:11:0
GBP=,1.318,1.3186,1.318,9045.0,2016-08-02,1:24:12:0
GBP=,1.3181,1.3184,1.3181,9046.0,2016-08-02,1:24:12:0
GBP=,1.3181,1.3185,1.3181,9047.0,2016-08-02,1:24:16:0
GBP=,1.3181,1.3185,1.3181,9048.0,2016-08-02,1:24:18:0
GBP=,1.3181,1.3184,1.3181,9049.0,2016-08-02,1:24:18:0
GBP=,1.3182,1.3184,1.3182,9050.0,2016-08-02,1:24:23:0
GBP=,1.318,1.3186,1.318,9051.0,2016-08-02,1:24:24:0
GBP=,1.3182,1.3184,1.3182,9052.0,2016-08-02,1:24:25:0
GBP=,1.318,1.3184,1.318,9053.0,2016-08-02,1:24:27:0
GBP=,1.318,1.3186,1.318,9054.0,2016-08-02,1:24:27:0
GBP=,1.3181,1.3185,1.3181,9055.0,2016-08-02,1:24:28:0
GBP=,1.3182,1.3185,1.3182,9056.0,2016-08-02,1:24:29:0
GBP=,1.3179,1.3184,1.3179,9057.0,2016-08-02,1:24:30:0
GBP=,1.318,1.3184,1.318,9058.0,2016-08-02,1:24:33:0
GBP=,1.3179,1.3184,1.3179,9059.0,2016-08-02,1:24:34:0
GBP=,1.318,1.3186,1.318,9060.0,2016-08-02,1:24:40:0
GBP=,1.318,1.3186,1.318,9061.0,2016-08-02,1:24:41:0
GBP=,1.3179,1.3185,1.3179,9062.0,2016-08-02,1:24:45:0
GBP=,1.318,1.3184,1.318,9063.0,2016-08-02,1:24:45:0
GBP=,1.318,1.3184,1.318,9064.0,2016-08-02,1:24:45:0
GBP=,1.3181,1.3186,1.3181,9065.0,2016-08-02,1:24:45:0
GBP=,1.318,1.3184,1.318,9066.0,2016-08-02,1:24:46:0
GBP=,1.318,1.3184,1.318,9067.0,2016-08-02,1:24:46:0
GBP=,1.3179,1.3185,1.3179,9068.0,2016-08-02,1:24:47:0
GBP=,1.3179,1.3185,1.3179,9069.0,2016-08-02,1:24:50:0
GBP=,1.318,1.3185,1.318,9070.0,2016-08-02,1:24:51:0
GBP=,1.3181,1.3185,1.3181,9071.0,2016-08-02,1:24:54:0
GBP=,1.3181,1.3185,1.3181,9072.0,2016-08-02,1:24:57:0
GBP=,1.3182,1.3185,1.3182,9073.0,2016-08-02,1:24:59:0
GBP=,1.3179,1.3185,1.3179,9074.0,2016-08-02,1:25:0:0
GBP=,1.3182,1.3185,1.3182,9075.0,2016-08-02,1:25:1:0
GBP=,1.3178,1.3186,1.3178,9076.0,2016-08-02,1:25:1:0
GBP=,1.3181,1.3183,1.3181,9077.0,2016-08-02,1:25:2:0
GBP=,1.3181,1.3184,1.3181,9078.0,2016-08-02,1:25:3:0
GBP=,1.318,1.3184,1.318,9079.0,2016-08-02,1:25:5:0
GBP=,1.3181,1.3184,1.3181,9080.0,2016-08-02,1:25:6:0
GBP=,1.3182,1.3184,1.3182,9081.0,2016-08-02,1:25:8:0
GBP=,1.3182,1.3184,1.3182,9082.0,2016-08-02,1:25:13:0
GBP=,1.3179,1.3185,1.3179,9083.0,2016-08-02,1:25:15:0
GBP=,1.318,1.3185,1.318,9084.0,2016-08-02,1:25:16:0
GBP=,1.318,1.3184,1.318,9085.0,2016-08-02,1:25:17:0
GBP=,1.3179,1.3185,1.3179,9086.0,2016-08-02,1:25:18:0
GBP=,1.318,1.3184,1.318,9087.0,2016-08-02,1:25:18:0
GBP=,1.318,1.3184,1.318,9088.0,2016-08-02,1:25:22:0
GBP=,1.3181,1.3184,1.3181,9089.0,2016-08-02,1:25:22:0
GBP=,1.3182,1.3184,1.3182,9090.0,2016-08-02,1:25:25:0
GBP=,1.3183,1.3184,1.3183,9091.0,2016-08-02,1:25:28:0
GBP=,1.3182,1.3184,1.3182,9092.0,2016-08-02,1:25:29:0
GBP=,1.3182,1.3185,1.3182,9093.0,2016-08-02,1:25:29:0
GBP=,1.318,1.3184,1.318,9094.0,2016-08-02,1:25:30:0
GBP=,1.3179,1.3185,1.3179,9095.0,2016-08-02,1:25:31:0
GBP=,1.3183,1.3185,1.3183,9096.0,2016-08-02,1:25:31:0
GBP=,1.318,1.3184,1.318,9097.0,2016-08-02,1:25:31:0
GBP=,1.3181,1.3184,1.3181,9098.0,2016-08-02,1:25:33:0
GBP=,1.3179,1.3185,1.3179,9099.0,2016-08-02,1:25:33:0
GBP=,1.318,1.3185,1.318,9100.0,2016-08-02,1:25:37:0
GBP=,1.3179,1.3185,1.3179,9101.0,2016-08-02,1:25:37:0
GBP=,1.3182,1.3184,1.3182,9102.0,2016-08-02,1:25:41:0
GBP=,1.3183,1.3184,1.3183,9103.0,2016-08-02,1:25:44:0
GBP=,1.3182,1.3185,1.3182,9104.0,2016-08-02,1:25:45:0
GBP=,1.3182,1.3185,1.3182,9105.0,2016-08-02,1:25:46:0
GBP=,1.3183,1.3185,1.3183,9106.0,2016-08-02,1:25:51:0
GBP=,1.318,1.3184,1.318,9107.0,2016-08-02,1:25:53:0
GBP=,1.3183,1.3185,1.3183,9108.0,2016-08-02,1:25:53:0
GBP=,1.3184,1.3185,1.3184,9109.0,2016-08-02,1:25:59:0
GBP=,1.318,1.3184,1.318,9110.0,2016-08-02,1:26:0:0
GBP=,1.3181,1.3183,1.3181,9111.0,2016-08-02,1:26:1:0
GBP=,1.318,1.3184,1.318,9112.0,2016-08-02,1:26:2:0
GBP=,1.3181,1.3184,1.3181,9113.0,2016-08-02,1:26:3:0
GBP=,1.3182,1.3184,1.3182,9114.0,2016-08-02,1:26:8:0
GBP=,1.3182,1.3184,1.3182,9115.0,2016-08-02,1:26:9:0
GBP=,1.318,1.3184,1.318,9116.0,2016-08-02,1:26:11:0
GBP=,1.3179,1.3185,1.3179,9117.0,2016-08-02,1:26:13:0
GBP=,1.318,1.3184,1.318,9118.0,2016-08-02,1:26:13:0
GBP=,1.318,1.3184,1.318,9119.0,2016-08-02,1:26:15:0
GBP=,1.3183,1.3184,1.3183,9120.0,2016-08-02,1:26:15:0
GBP=,1.3183,1.3184,1.3183,9121.0,2016-08-02,1:26:18:0
GBP=,1.3182,1.3185,1.3182,9122.0,2016-08-02,1:26:18:0
GBP=,1.3182,1.3185,1.3182,9123.0,2016-08-02,1:26:25:0
GBP=,1.3183,1.3185,1.3183,9124.0,2016-08-02,1:26:27:0
GBP=,1.3183,1.3185,1.3183,9125.0,2016-08-02,1:26:34:0
GBP=,1.3184,1.3185,1.3184,9126.0,2016-08-02,1:26:35:0
GBP=,1.3184,1.3185,1.3184,9127.0,2016-08-02,1:26:41:0
GBP=,1.3181,1.3183,1.3181,9128.0,2016-08-02,1:27:2:0
GBP=,1.3181,1.3184,1.3181,9129.0,2016-08-02,1:27:3:0
GBP=,1.3181,1.3183,1.3181,9130.0,2016-08-02,1:27:3:0
GBP=,1.318,1.3184,1.318,9131.0,2016-08-02,1:27:5:0
GBP=,1.3179,1.3186,1.3179,9132.0,2016-08-02,1:27:6:0
GBP=,1.318,1.3184,1.318,9133.0,2016-08-02,1:27:6:0
GBP=,1.318,1.3184,1.318,9134.0,2016-08-02,1:27:7:0
GBP=,1.3179,1.3186,1.3179,9135.0,2016-08-02,1:27:7:0
GBP=,1.3179,1.3186,1.3179,9136.0,2016-08-02,1:27:8:0
GBP=,1.318,1.3184,1.318,9137.0,2016-08-02,1:27:8:0
GBP=,1.318,1.3184,1.318,9138.0,2016-08-02,1:27:9:0
GBP=,1.318,1.3184,1.318,9139.0,2016-08-02,1:27:13:0
GBP=,1.318,1.3184,1.318,9140.0,2016-08-02,1:27:13:0
GBP=,1.3181,1.3184,1.3181,9141.0,2016-08-02,1:27:14:0
GBP=,1.3179,1.3185,1.3179,9142.0,2016-08-02,1:27:15:0
GBP=,1.3179,1.3185,1.3179,9143.0,2016-08-02,1:27:22:0
GBP=,1.318,1.3185,1.318,9144.0,2016-08-02,1:27:24:0
GBP=,1.318,1.3185,1.318,9145.0,2016-08-02,1:27:30:0
GBP=,1.3181,1.3184,1.3181,9146.0,2016-08-02,1:27:31:0
GBP=,1.3181,1.3185,1.3181,9147.0,2016-08-02,1:27:31:0
GBP=,1.318,1.3186,1.318,9148.0,2016-08-02,1:27:31:0
GBP=,1.318,1.3186,1.318,9149.0,2016-08-02,1:27:32:0
GBP=,1.3181,1.3184,1.3181,9150.0,2016-08-02,1:27:32:0
GBP=,1.3181,1.3185,1.3181,9151.0,2016-08-02,1:27:32:0
GBP=,1.3181,1.3185,1.3181,9152.0,2016-08-02,1:27:33:0
GBP=,1.318,1.3186,1.318,9153.0,2016-08-02,1:27:34:0
GBP=,1.3181,1.3186,1.3181,9154.0,2016-08-02,1:27:36:0
GBP=,1.318,1.3186,1.318,9155.0,2016-08-02,1:27:37:0
GBP=,1.318,1.3186,1.318,9156.0,2016-08-02,1:27:42:0
GBP=,1.3181,1.3186,1.3181,9157.0,2016-08-02,1:27:46:0
GBP=,1.318,1.3186,1.318,9158.0,2016-08-02,1:27:47:0
GBP=,1.3182,1.3185,1.3182,9159.0,2016-08-02,1:27:47:0
GBP=,1.3182,1.3185,1.3182,9160.0,2016-08-02,1:27:49:0
GBP=,1.3183,1.3185,1.3183,9161.0,2016-08-02,1:27:52:0
GBP=,1.3183,1.3185,1.3183,9162.0,2016-08-02,1:27:54:0
GBP=,1.3181,1.3185,1.3181,9163.0,2016-08-02,1:27:58:0
GBP=,1.318,1.3186,1.318,9164.0,2016-08-02,1:27:58:0
GBP=,1.3181,1.3186,1.3181,9165.0,2016-08-02,1:27:59:0
GBP=,1.3181,1.3185,1.3181,9166.0,2016-08-02,1:28:0:0
GBP=,1.318,1.3186,1.318,9167.0,2016-08-02,1:28:0:0
GBP=,1.3182,1.3184,1.3182,9168.0,2016-08-02,1:28:1:0
GBP=,1.318,1.3187,1.318,9169.0,2016-08-02,1:28:1:0
GBP=,1.318,1.3186,1.318,9170.0,2016-08-02,1:28:2:0
GBP=,1.3181,1.3186,1.3181,9171.0,2016-08-02,1:28:8:0
GBP=,1.318,1.3186,1.318,9172.0,2016-08-02,1:28:9:0
GBP=,1.318,1.3186,1.318,9173.0,2016-08-02,1:28:17:0
GBP=,1.3182,1.3184,1.3182,9174.0,2016-08-02,1:28:18:0
GBP=,1.3183,1.3184,1.3183,9175.0,2016-08-02,1:28:19:0
GBP=,1.3183,1.3184,1.3183,9176.0,2016-08-02,1:28:25:0
GBP=,1.318,1.3187,1.318,9177.0,2016-08-02,1:28:27:0
GBP=,1.3181,1.3187,1.3181,9178.0,2016-08-02,1:28:29:0
GBP=,1.3181,1.3187,1.3181,9179.0,2016-08-02,1:28:34:0
GBP=,1.318,1.3187,1.318,9180.0,2016-08-02,1:28:34:0
GBP=,1.3181,1.3187,1.3181,9181.0,2016-08-02,1:28:38:0
GBP=,1.3181,1.3187,1.3181,9182.0,2016-08-02,1:28:41:0
GBP=,1.3182,1.3187,1.3182,9183.0,2016-08-02,1:28:47:0
GBP=,1.3182,1.3187,1.3182,9184.0,2016-08-02,1:28:49:0
GBP=,1.318,1.3186,1.318,9185.0,2016-08-02,1:28:51:0
GBP=,1.3181,1.3186,1.3181,9186.0,2016-08-02,1:28:52:0
GBP=,1.3181,1.3186,1.3181,9187.0,2016-08-02,1:28:57:0
GBP=,1.3181,1.3185,1.3181,9188.0,2016-08-02,1:29:0:0
GBP=,1.3181,1.3187,1.3181,9189.0,2016-08-02,1:29:0:0
GBP=,1.3182,1.3186,1.3182,9190.0,2016-08-02,1:29:1:0
GBP=,1.3182,1.3187,1.3182,9191.0,2016-08-02,1:29:1:0
GBP=,1.3183,1.3184,1.3183,9192.0,2016-08-02,1:29:2:0
GBP=,1.3182,1.3186,1.3182,9193.0,2016-08-02,1:29:3:0
GBP=,1.3182,1.3186,1.3182,9194.0,2016-08-02,1:29:6:0
GBP=,1.3181,1.3187,1.3181,9195.0,2016-08-02,1:29:9:0
GBP=,1.3181,1.3187,1.3181,9196.0,2016-08-02,1:29:11:0
GBP=,1.3182,1.3186,1.3182,9197.0,2016-08-02,1:29:11:0
GBP=,1.3182,1.3185,1.3182,9198.0,2016-08-02,1:29:11:0
GBP=,1.3182,1.3186,1.3182,9199.0,2016-08-02,1:29:12:0
GBP=,1.3183,1.3185,1.3183,9200.0,2016-08-02,1:29:12:0
GBP=,1.3181,1.3187,1.3181,9201.0,2016-08-02,1:29:13:0
GBP=,1.3182,1.3185,1.3182,9202.0,2016-08-02,1:29:13:0
GBP=,1.3181,1.3184,1.3181,9203.0,2016-08-02,1:29:16:0
GBP=,1.3182,1.3186,1.3182,9204.0,2016-08-02,1:29:21:0
GBP=,1.3181,1.3184,1.3181,9205.0,2016-08-02,1:29:21:0
GBP=,1.3182,1.3186,1.3182,9206.0,2016-08-02,1:29:22:0
GBP=,1.3183,1.3186,1.3183,9207.0,2016-08-02,1:29:22:0
GBP=,1.3182,1.3185,1.3182,9208.0,2016-08-02,1:29:25:0
GBP=,1.3182,1.3186,1.3182,9209.0,2016-08-02,1:29:25:0
GBP=,1.3181,1.3187,1.3181,9210.0,2016-08-02,1:29:25:0
GBP=,1.3181,1.3185,1.3181,9211.0,2016-08-02,1:29:25:0
GBP=,1.3182,1.3186,1.3182,9212.0,2016-08-02,1:29:26:0
GBP=,1.318,1.3187,1.318,9213.0,2016-08-02,1:29:28:0
GBP=,1.3181,1.3185,1.3181,9214.0,2016-08-02,1:29:29:0
GBP=,1.3181,1.3184,1.3181,9215.0,2016-08-02,1:29:30:0
GBP=,1.318,1.3187,1.318,9216.0,2016-08-02,1:29:30:0
GBP=,1.318,1.3186,1.318,9217.0,2016-08-02,1:29:30:0
GBP=,1.3181,1.3185,1.3181,9218.0,2016-08-02,1:29:30:0
GBP=,1.3182,1.3185,1.3182,9219.0,2016-08-02,1:29:31:0
GBP=,1.318,1.3187,1.318,9220.0,2016-08-02,1:29:35:0
GBP=,1.3181,1.3185,1.3181,9221.0,2016-08-02,1:29:35:0
GBP=,1.3181,1.3185,1.3181,9222.0,2016-08-02,1:29:36:0
GBP=,1.3181,1.3185,1.3181,9223.0,2016-08-02,1:29:37:0
GBP=,1.318,1.3187,1.318,9224.0,2016-08-02,1:29:37:0
GBP=,1.3181,1.3185,1.3181,9225.0,2016-08-02,1:29:38:0
GBP=,1.3182,1.3185,1.3182,9226.0,2016-08-02,1:29:39:0
GBP=,1.318,1.3187,1.318,9227.0,2016-08-02,1:29:40:0
GBP=,1.318,1.3187,1.318,9228.0,2016-08-02,1:29:43:0
GBP=,1.318,1.3187,1.318,9229.0,2016-08-02,1:29:45:0
GBP=,1.3182,1.3186,1.3182,9230.0,2016-08-02,1:29:47:0
GBP=,1.3181,1.3185,1.3181,9231.0,2016-08-02,1:29:50:0
GBP=,1.318,1.3187,1.318,9232.0,2016-08-02,1:29:50:0
GBP=,1.3181,1.3187,1.3181,9233.0,2016-08-02,1:29:51:0
GBP=,1.3181,1.3187,1.3181,9234.0,2016-08-02,1:29:54:0
GBP=,1.3181,1.3185,1.3181,9235.0,2016-08-02,1:29:55:0
GBP=,1.3182,1.3185,1.3182,9236.0,2016-08-02,1:29:59:0
GBP=,1.318,1.3187,1.318,9237.0,2016-08-02,1:30:0:0
GBP=,1.3182,1.3186,1.3182,9238.0,2016-08-02,1:30:0:0
GBP=,1.3183,1.3184,1.3183,9239.0,2016-08-02,1:30:1:0
GBP=,1.318,1.3187,1.318,9240.0,2016-08-02,1:30:1:0
GBP=,1.3182,1.3185,1.3182,9241.0,2016-08-02,1:30:2:0
GBP=,1.3182,1.3187,1.3182,9242.0,2016-08-02,1:30:2:0
GBP=,1.3181,1.3187,1.3181,9243.0,2016-08-02,1:30:2:0
GBP=,1.3181,1.3187,1.3181,9244.0,2016-08-02,1:30:8:0
GBP=,1.3181,1.3185,1.3181,9245.0,2016-08-02,1:30:8:0
GBP=,1.3181,1.3185,1.3181,9246.0,2016-08-02,1:30:9:0
GBP=,1.3181,1.3187,1.3181,9247.0,2016-08-02,1:30:9:0
GBP=,1.3181,1.3185,1.3181,9248.0,2016-08-02,1:30:10:0
GBP=,1.318,1.3187,1.318,9249.0,2016-08-02,1:30:11:0
GBP=,1.3181,1.3187,1.3181,9250.0,2016-08-02,1:30:12:0
GBP=,1.3181,1.3185,1.3181,9251.0,2016-08-02,1:30:13:0
GBP=,1.318,1.3186,1.318,9252.0,2016-08-02,1:30:14:0
GBP=,1.318,1.3186,1.318,9253.0,2016-08-02,1:30:18:0
GBP=,1.318,1.3186,1.318,9254.0,2016-08-02,1:30:18:0
GBP=,1.3181,1.3185,1.3181,9255.0,2016-08-02,1:30:18:0
GBP=,1.3181,1.3185,1.3181,9256.0,2016-08-02,1:30:22:0
GBP=,1.318,1.3186,1.318,9257.0,2016-08-02,1:30:22:0
GBP=,1.318,1.3186,1.318,9258.0,2016-08-02,1:30:25:0
GBP=,1.3181,1.3185,1.3181,9259.0,2016-08-02,1:30:25:0
GBP=,1.318,1.3186,1.318,9260.0,2016-08-02,1:30:25:0
GBP=,1.3181,1.3185,1.3181,9261.0,2016-08-02,1:30:26:0
GBP=,1.318,1.3186,1.318,9262.0,2016-08-02,1:30:28:0
GBP=,1.3181,1.3185,1.3181,9263.0,2016-08-02,1:30:28:0
GBP=,1.3181,1.3185,1.3181,9264.0,2016-08-02,1:30:30:0
GBP=,1.318,1.3186,1.318,9265.0,2016-08-02,1:30:31:0
GBP=,1.3181,1.3185,1.3181,9266.0,2016-08-02,1:30:32:0
GBP=,1.3181,1.3186,1.3181,9267.0,2016-08-02,1:30:32:0
GBP=,1.318,1.3186,1.318,9268.0,2016-08-02,1:30:33:0
GBP=,1.318,1.3186,1.318,9269.0,2016-08-02,1:30:34:0
GBP=,1.318,1.3187,1.318,9270.0,2016-08-02,1:30:35:0
GBP=,1.318,1.3186,1.318,9271.0,2016-08-02,1:30:40:0
GBP=,1.3181,1.3185,1.3181,9272.0,2016-08-02,1:30:40:0
GBP=,1.318,1.3187,1.318,9273.0,2016-08-02,1:30:42:0
GBP=,1.318,1.3186,1.318,9274.0,2016-08-02,1:30:42:0
GBP=,1.3181,1.3185,1.3181,9275.0,2016-08-02,1:30:47:0
GBP=,1.3182,1.3185,1.3182,9276.0,2016-08-02,1:30:49:0
GBP=,1.3181,1.3185,1.3181,9277.0,2016-08-02,1:30:49:0
GBP=,1.318,1.3186,1.318,9278.0,2016-08-02,1:30:50:0
GBP=,1.3181,1.3185,1.3181,9279.0,2016-08-02,1:30:54:0
GBP=,1.318,1.3187,1.318,9280.0,2016-08-02,1:30:55:0
GBP=,1.3182,1.3186,1.3182,9281.0,2016-08-02,1:30:55:0
GBP=,1.3182,1.3186,1.3182,9282.0,2016-08-02,1:30:56:0
GBP=,1.3181,1.3187,1.3181,9283.0,2016-08-02,1:30:57:0
GBP=,1.3182,1.3186,1.3182,9284.0,2016-08-02,1:30:57:0
GBP=,1.3182,1.3186,1.3182,9285.0,2016-08-02,1:30:58:0
GBP=,1.318,1.3186,1.318,9286.0,2016-08-02,1:31:0:0
GBP=,1.3181,1.3187,1.3181,9287.0,2016-08-02,1:31:0:0
GBP=,1.3183,1.3185,1.3183,9288.0,2016-08-02,1:31:1:0
GBP=,1.3181,1.3185,1.3181,9289.0,2016-08-02,1:31:3:0
GBP=,1.3184,1.3185,1.3184,9290.0,2016-08-02,1:31:3:0
GBP=,1.318,1.3186,1.318,9291.0,2016-08-02,1:31:3:0
GBP=,1.3181,1.3185,1.3181,9292.0,2016-08-02,1:31:4:0
GBP=,1.318,1.3186,1.318,9293.0,2016-08-02,1:31:5:0
GBP=,1.3181,1.3185,1.3181,9294.0,2016-08-02,1:31:9:0
GBP=,1.318,1.3186,1.318,9295.0,2016-08-02,1:31:9:0
GBP=,1.318,1.3187,1.318,9296.0,2016-08-02,1:31:12:0
GBP=,1.318,1.3187,1.318,9297.0,2016-08-02,1:31:14:0
GBP=,1.3181,1.3185,1.3181,9298.0,2016-08-02,1:31:15:0
GBP=,1.318,1.3187,1.318,9299.0,2016-08-02,1:31:16:0
GBP=,1.3182,1.3186,1.3182,9300.0,2016-08-02,1:31:16:0
GBP=,1.318,1.3187,1.318,9301.0,2016-08-02,1:31:18:0
GBP=,1.3183,1.3186,1.3183,9302.0,2016-08-02,1:31:19:0
GBP=,1.3183,1.3186,1.3183,9303.0,2016-08-02,1:31:22:0
GBP=,1.3181,1.3185,1.3181,9304.0,2016-08-02,1:31:22:0
GBP=,1.3182,1.3185,1.3182,9305.0,2016-08-02,1:31:28:0
GBP=,1.3181,1.3187,1.3181,9306.0,2016-08-02,1:31:28:0
GBP=,1.3182,1.3186,1.3182,9307.0,2016-08-02,1:31:28:0
GBP=,1.318,1.3187,1.318,9308.0,2016-08-02,1:31:28:0
GBP=,1.3182,1.3186,1.3182,9309.0,2016-08-02,1:31:29:0
GBP=,1.3181,1.3185,1.3181,9310.0,2016-08-02,1:31:29:0
GBP=,1.3183,1.3185,1.3183,9311.0,2016-08-02,1:31:29:0
GBP=,1.318,1.3187,1.318,9312.0,2016-08-02,1:31:30:0
GBP=,1.3181,1.3187,1.3181,9313.0,2016-08-02,1:31:33:0
GBP=,1.3182,1.3186,1.3182,9314.0,2016-08-02,1:31:34:0
GBP=,1.3182,1.3186,1.3182,9315.0,2016-08-02,1:31:38:0
GBP=,1.3183,1.3186,1.3183,9316.0,2016-08-02,1:31:38:0
GBP=,1.3183,1.3186,1.3183,9317.0,2016-08-02,1:31:38:0
GBP=,1.3183,1.3187,1.3183,9318.0,2016-08-02,1:31:39:0
GBP=,1.3182,1.3188,1.3182,9319.0,2016-08-02,1:31:39:0
GBP=,1.3184,1.3187,1.3184,9320.0,2016-08-02,1:31:40:0
GBP=,1.3182,1.3188,1.3182,9321.0,2016-08-02,1:31:41:0
GBP=,1.3183,1.3187,1.3183,9322.0,2016-08-02,1:31:43:0
GBP=,1.3183,1.3189,1.3183,9323.0,2016-08-02,1:31:44:0
GBP=,1.3182,1.3189,1.3182,9324.0,2016-08-02,1:31:44:0
GBP=,1.3182,1.3189,1.3182,9325.0,2016-08-02,1:31:46:0
GBP=,1.3182,1.3189,1.3182,9326.0,2016-08-02,1:31:47:0
GBP=,1.3183,1.3189,1.3183,9327.0,2016-08-02,1:31:48:0
GBP=,1.3182,1.3189,1.3182,9328.0,2016-08-02,1:31:51:0
GBP=,1.3182,1.3189,1.3182,9329.0,2016-08-02,1:31:54:0
GBP=,1.3183,1.3189,1.3183,9330.0,2016-08-02,1:31:56:0
GBP=,1.3184,1.3188,1.3184,9331.0,2016-08-02,1:31:58:0
GBP=,1.3185,1.3188,1.3185,9332.0,2016-08-02,1:31:58:0
GBP=,1.3183,1.3186,1.3183,9333.0,2016-08-02,1:31:58:0
GBP=,1.3182,1.3188,1.3182,9334.0,2016-08-02,1:31:59:0
GBP=,1.3181,1.3188,1.3181,9335.0,2016-08-02,1:31:59:0
GBP=,1.3183,1.3187,1.3183,9336.0,2016-08-02,1:32:0:0
GBP=,1.3182,1.3187,1.3182,9337.0,2016-08-02,1:32:0:0
GBP=,1.3183,1.3187,1.3183,9338.0,2016-08-02,1:32:0:0
GBP=,1.3185,1.3186,1.3185,9339.0,2016-08-02,1:32:1:0
GBP=,1.3183,1.3187,1.3183,9340.0,2016-08-02,1:32:1:0
GBP=,1.3182,1.3188,1.3182,9341.0,2016-08-02,1:32:1:0
GBP=,1.3183,1.3187,1.3183,9342.0,2016-08-02,1:32:2:0
GBP=,1.3183,1.3187,1.3183,9343.0,2016-08-02,1:32:3:0
GBP=,1.3182,1.3188,1.3182,9344.0,2016-08-02,1:32:4:0
GBP=,1.3183,1.3187,1.3183,9345.0,2016-08-02,1:32:4:0
GBP=,1.3183,1.3187,1.3183,9346.0,2016-08-02,1:32:6:0
GBP=,1.3182,1.3188,1.3182,9347.0,2016-08-02,1:32:7:0
GBP=,1.3183,1.3187,1.3183,9348.0,2016-08-02,1:32:8:0
GBP=,1.3183,1.3187,1.3183,9349.0,2016-08-02,1:32:9:0
GBP=,1.3184,1.3189,1.3184,9350.0,2016-08-02,1:32:10:0
GBP=,1.3184,1.3187,1.3184,9351.0,2016-08-02,1:32:10:0
GBP=,1.3185,1.3188,1.3185,9352.0,2016-08-02,1:32:11:0
GBP=,1.3183,1.3186,1.3183,9353.0,2016-08-02,1:32:12:0
GBP=,1.3183,1.3186,1.3183,9354.0,2016-08-02,1:32:13:0
GBP=,1.3182,1.3188,1.3182,9355.0,2016-08-02,1:32:13:0
GBP=,1.3183,1.3187,1.3183,9356.0,2016-08-02,1:32:13:0
GBP=,1.3183,1.3187,1.3183,9357.0,2016-08-02,1:32:14:0
GBP=,1.3183,1.3187,1.3183,9358.0,2016-08-02,1:32:15:0
GBP=,1.3182,1.3188,1.3182,9359.0,2016-08-02,1:32:17:0
GBP=,1.3183,1.3187,1.3183,9360.0,2016-08-02,1:32:18:0
GBP=,1.3183,1.3187,1.3183,9361.0,2016-08-02,1:32:19:0
GBP=,1.3182,1.3189,1.3182,9362.0,2016-08-02,1:32:19:0
GBP=,1.3184,1.3187,1.3184,9363.0,2016-08-02,1:32:21:0
GBP=,1.3183,1.3189,1.3183,9364.0,2016-08-02,1:32:21:0
GBP=,1.3183,1.3187,1.3183,9365.0,2016-08-02,1:32:21:0
GBP=,1.3181,1.3188,1.3181,9366.0,2016-08-02,1:32:22:0
GBP=,1.3183,1.3186,1.3183,9367.0,2016-08-02,1:32:23:0
GBP=,1.3183,1.3187,1.3183,9368.0,2016-08-02,1:32:24:0
GBP=,1.3182,1.3188,1.3182,9369.0,2016-08-02,1:32:24:0
GBP=,1.3183,1.3187,1.3183,9370.0,2016-08-02,1:32:25:0
GBP=,1.3183,1.3187,1.3183,9371.0,2016-08-02,1:32:28:0
GBP=,1.3184,1.3187,1.3184,9372.0,2016-08-02,1:32:29:0
GBP=,1.3185,1.3187,1.3185,9373.0,2016-08-02,1:32:30:0
GBP=,1.3185,1.3187,1.3185,9374.0,2016-08-02,1:32:34:0
GBP=,1.3182,1.3188,1.3182,9375.0,2016-08-02,1:32:34:0
GBP=,1.3182,1.3188,1.3182,9376.0,2016-08-02,1:32:37:0
GBP=,1.3183,1.3187,1.3183,9377.0,2016-08-02,1:32:37:0
GBP=,1.3183,1.3187,1.3183,9378.0,2016-08-02,1:32:37:0
GBP=,1.3183,1.3187,1.3183,9379.0,2016-08-02,1:32:38:0
GBP=,1.3182,1.3188,1.3182,9380.0,2016-08-02,1:32:39:0
GBP=,1.3184,1.3187,1.3184,9381.0,2016-08-02,1:32:39:0
GBP=,1.3184,1.3187,1.3184,9382.0,2016-08-02,1:32:41:0
GBP=,1.3183,1.3187,1.3183,9383.0,2016-08-02,1:32:42:0
GBP=,1.3182,1.3188,1.3182,9384.0,2016-08-02,1:32:42:0
GBP=,1.3183,1.3187,1.3183,9385.0,2016-08-02,1:32:43:0
GBP=,1.3183,1.3187,1.3183,9386.0,2016-08-02,1:32:45:0
GBP=,1.3182,1.3188,1.3182,9387.0,2016-08-02,1:32:45:0
GBP=,1.3183,1.3187,1.3183,9388.0,2016-08-02,1:32:47:0
GBP=,1.3183,1.3187,1.3183,9389.0,2016-08-02,1:32:48:0
GBP=,1.3182,1.3188,1.3182,9390.0,2016-08-02,1:32:48:0
GBP=,1.3184,1.3187,1.3184,9391.0,2016-08-02,1:32:49:0
GBP=,1.3183,1.3187,1.3183,9392.0,2016-08-02,1:32:50:0
GBP=,1.3182,1.3188,1.3182,9393.0,2016-08-02,1:32:51:0
GBP=,1.3183,1.3187,1.3183,9394.0,2016-08-02,1:32:53:0
GBP=,1.3183,1.3187,1.3183,9395.0,2016-08-02,1:32:54:0
GBP=,1.3182,1.3189,1.3182,9396.0,2016-08-02,1:32:54:0
GBP=,1.3182,1.3189,1.3182,9397.0,2016-08-02,1:32:57:0
GBP=,1.3182,1.3189,1.3182,9398.0,2016-08-02,1:32:57:0
GBP=,1.3183,1.3187,1.3183,9399.0,2016-08-02,1:32:58:0
GBP=,1.3184,1.3187,1.3184,9400.0,2016-08-02,1:32:59:0
GBP=,1.3182,1.3189,1.3182,9401.0,2016-08-02,1:33:0:0
GBP=,1.3185,1.3186,1.3185,9402.0,2016-08-02,1:33:1:0
GBP=,1.3182,1.3188,1.3182,9403.0,2016-08-02,1:33:3:0
GBP=,1.3183,1.3187,1.3183,9404.0,2016-08-02,1:33:4:0
GBP=,1.3183,1.3187,1.3183,9405.0,2016-08-02,1:33:5:0
GBP=,1.3182,1.3188,1.3182,9406.0,2016-08-02,1:33:5:0
GBP=,1.3183,1.3187,1.3183,9407.0,2016-08-02,1:33:6:0
GBP=,1.3182,1.3188,1.3182,9408.0,2016-08-02,1:33:6:0
GBP=,1.3183,1.3188,1.3183,9409.0,2016-08-02,1:33:7:0
GBP=,1.3183,1.3187,1.3183,9410.0,2016-08-02,1:33:8:0
GBP=,1.3183,1.3187,1.3183,9411.0,2016-08-02,1:33:9:0
GBP=,1.3182,1.3188,1.3182,9412.0,2016-08-02,1:33:9:0
GBP=,1.3183,1.3187,1.3183,9413.0,2016-08-02,1:33:10:0
GBP=,1.3183,1.3187,1.3183,9414.0,2016-08-02,1:33:11:0
GBP=,1.3182,1.3188,1.3182,9415.0,2016-08-02,1:33:12:0
GBP=,1.3182,1.3188,1.3182,9416.0,2016-08-02,1:33:14:0
GBP=,1.3182,1.3189,1.3182,9417.0,2016-08-02,1:33:15:0
GBP=,1.3183,1.3189,1.3183,9418.0,2016-08-02,1:33:19:0
GBP=,1.3182,1.3189,1.3182,9419.0,2016-08-02,1:33:21:0
GBP=,1.3183,1.3189,1.3183,9420.0,2016-08-02,1:33:21:0
GBP=,1.3183,1.3187,1.3183,9421.0,2016-08-02,1:33:21:0
GBP=,1.3184,1.3187,1.3184,9422.0,2016-08-02,1:33:24:0
GBP=,1.3182,1.3189,1.3182,9423.0,2016-08-02,1:33:25:0
GBP=,1.3183,1.3189,1.3183,9424.0,2016-08-02,1:33:28:0
GBP=,1.3182,1.3189,1.3182,9425.0,2016-08-02,1:33:29:0
GBP=,1.3182,1.3188,1.3182,9426.0,2016-08-02,1:33:34:0
GBP=,1.3182,1.3188,1.3182,9427.0,2016-08-02,1:33:38:0
GBP=,1.3183,1.3187,1.3183,9428.0,2016-08-02,1:33:38:0
GBP=,1.3182,1.3189,1.3182,9429.0,2016-08-02,1:33:38:0
GBP=,1.3183,1.3188,1.3183,9430.0,2016-08-02,1:33:38:0
GBP=,1.3183,1.3187,1.3183,9431.0,2016-08-02,1:33:39:0
GBP=,1.3183,1.3187,1.3183,9432.0,2016-08-02,1:33:40:0
GBP=,1.3182,1.3188,1.3182,9433.0,2016-08-02,1:33:40:0
GBP=,1.3183,1.3187,1.3183,9434.0,2016-08-02,1:33:41:0
GBP=,1.3183,1.3187,1.3183,9435.0,2016-08-02,1:33:42:0
GBP=,1.3183,1.3187,1.3183,9436.0,2016-08-02,1:33:43:0
GBP=,1.3182,1.3188,1.3182,9437.0,2016-08-02,1:33:43:0
GBP=,1.3182,1.3188,1.3182,9438.0,2016-08-02,1:33:45:0
GBP=,1.3183,1.3187,1.3183,9439.0,2016-08-02,1:33:46:0
GBP=,1.3182,1.3188,1.3182,9440.0,2016-08-02,1:33:46:0
GBP=,1.3183,1.3187,1.3183,9441.0,2016-08-02,1:33:47:0
GBP=,1.3183,1.3187,1.3183,9442.0,2016-08-02,1:33:48:0
GBP=,1.3182,1.3189,1.3182,9443.0,2016-08-02,1:33:49:0
GBP=,1.3182,1.3189,1.3182,9444.0,2016-08-02,1:33:52:0
GBP=,1.3183,1.3189,1.3183,9445.0,2016-08-02,1:33:53:0
GBP=,1.3182,1.3189,1.3182,9446.0,2016-08-02,1:33:53:0
GBP=,1.3182,1.3189,1.3182,9447.0,2016-08-02,1:34:0:0
GBP=,1.3185,1.3186,1.3185,9448.0,2016-08-02,1:34:1:0
GBP=,1.3185,1.3186,1.3185,9449.0,2016-08-02,1:34:2:0
GBP=,1.3182,1.3189,1.3182,9450.0,2016-08-02,1:34:3:0
GBP=,1.3182,1.3188,1.3182,9451.0,2016-08-02,1:34:3:0
GBP=,1.3182,1.3189,1.3182,9452.0,2016-08-02,1:34:6:0
GBP=,1.3183,1.3187,1.3183,9453.0,2016-08-02,1:34:7:0
GBP=,1.3183,1.3187,1.3183,9454.0,2016-08-02,1:34:8:0
GBP=,1.3182,1.3188,1.3182,9455.0,2016-08-02,1:34:9:0
GBP=,1.3184,1.3187,1.3184,9456.0,2016-08-02,1:34:9:0
GBP=,1.3183,1.3187,1.3183,9457.0,2016-08-02,1:34:10:0
GBP=,1.3183,1.3187,1.3183,9458.0,2016-08-02,1:34:17:0
GBP=,1.3182,1.3188,1.3182,9459.0,2016-08-02,1:34:17:0
GBP=,1.3182,1.3188,1.3182,9460.0,2016-08-02,1:34:19:0
GBP=,1.3183,1.3187,1.3183,9461.0,2016-08-02,1:34:20:0
GBP=,1.3183,1.3188,1.3183,9462.0,2016-08-02,1:34:20:0
GBP=,1.3183,1.3187,1.3183,9463.0,2016-08-02,1:34:21:0
GBP=,1.3182,1.3188,1.3182,9464.0,2016-08-02,1:34:21:0
GBP=,1.3183,1.3187,1.3183,9465.0,2016-08-02,1:34:22:0
GBP=,1.3182,1.3188,1.3182,9466.0,2016-08-02,1:34:22:0
GBP=,1.3183,1.3187,1.3183,9467.0,2016-08-02,1:34:24:0
GBP=,1.3182,1.3188,1.3182,9468.0,2016-08-02,1:34:25:0
GBP=,1.3183,1.3187,1.3183,9469.0,2016-08-02,1:34:25:0
GBP=,1.3182,1.3188,1.3182,9470.0,2016-08-02,1:34:28:0
GBP=,1.3182,1.3188,1.3182,9471.0,2016-08-02,1:34:31:0
GBP=,1.3183,1.3188,1.3183,9472.0,2016-08-02,1:34:32:0
GBP=,1.3182,1.3188,1.3182,9473.0,2016-08-02,1:34:34:0
GBP=,1.3182,1.3188,1.3182,9474.0,2016-08-02,1:34:34:0
GBP=,1.3183,1.3188,1.3183,9475.0,2016-08-02,1:34:37:0
GBP=,1.3182,1.3188,1.3182,9476.0,2016-08-02,1:34:39:0
GBP=,1.3182,1.3188,1.3182,9477.0,2016-08-02,1:34:41:0
GBP=,1.3183,1.3188,1.3183,9478.0,2016-08-02,1:34:43:0
GBP=,1.3182,1.3188,1.3182,9480.0,2016-08-02,1:34:47:0
GBP=,1.3182,1.3188,1.3182,9480.0,2016-08-02,1:34:47:0
GBP=,1.3183,1.3187,1.3183,9481.0,2016-08-02,1:34:48:0
GBP=,1.3184,1.3187,1.3184,9482.0,2016-08-02,1:34:48:0
GBP=,1.3183,1.3187,1.3183,9483.0,2016-08-02,1:34:49:0
GBP=,1.3182,1.3188,1.3182,9484.0,2016-08-02,1:34:49:0
GBP=,1.3182,1.3188,1.3182,9485.0,2016-08-02,1:34:50:0
GBP=,1.3182,1.3188,1.3182,9486.0,2016-08-02,1:34:54:0
GBP=,1.3183,1.3187,1.3183,9487.0,2016-08-02,1:34:55:0
GBP=,1.3183,1.3187,1.3183,9488.0,2016-08-02,1:34:55:0
GBP=,1.3183,1.3187,1.3183,9489.0,2016-08-02,1:34:56:0
GBP=,1.3184,1.3187,1.3184,9490.0,2016-08-02,1:34:56:0
GBP=,1.3182,1.3188,1.3182,9491.0,2016-08-02,1:34:57:0
GBP=,1.3183,1.3187,1.3183,9492.0,2016-08-02,1:34:57:0
GBP=,1.3183,1.3187,1.3183,9493.0,2016-08-02,1:34:59:0
GBP=,1.3182,1.3188,1.3182,9494.0,2016-08-02,1:34:59:0
GBP=,1.3183,1.3187,1.3183,9495.0,2016-08-02,1:35:0:0
GBP=,1.3184,1.3186,1.3184,9496.0,2016-08-02,1:35:1:0
GBP=,1.3183,1.3187,1.3183,9497.0,2016-08-02,1:35:2:0
GBP=,1.3182,1.3188,1.3182,9498.0,2016-08-02,1:35:2:0
GBP=,1.3182,1.3188,1.3182,9499.0,2016-08-02,1:35:5:0
GBP=,1.3182,1.3188,1.3182,9500.0,2016-08-02,1:35:5:0
GBP=,1.3183,1.3187,1.3183,9501.0,2016-08-02,1:35:6:0
GBP=,1.3182,1.3188,1.3182,9502.0,2016-08-02,1:35:8:0
GBP=,1.3183,1.3188,1.3183,9503.0,2016-08-02,1:35:12:0
GBP=,1.3183,1.3188,1.3183,9504.0,2016-08-02,1:35:13:0
GBP=,1.3183,1.3188,1.3183,9505.0,2016-08-02,1:35:14:0
GBP=,1.3182,1.3188,1.3182,9506.0,2016-08-02,1:35:20:0
GBP=,1.3184,1.3188,1.3184,9507.0,2016-08-02,1:35:20:0
GBP=,1.3184,1.3188,1.3184,9508.0,2016-08-02,1:35:22:0
GBP=,1.3182,1.3188,1.3182,9509.0,2016-08-02,1:35:23:0
GBP=,1.3182,1.3188,1.3182,9510.0,2016-08-02,1:35:25:0
GBP=,1.3183,1.3188,1.3183,9511.0,2016-08-02,1:35:29:0
GBP=,1.3182,1.3188,1.3182,9512.0,2016-08-02,1:35:30:0
GBP=,1.3182,1.3188,1.3182,9513.0,2016-08-02,1:35:32:0
GBP=,1.3183,1.3187,1.3183,9514.0,2016-08-02,1:35:32:0
GBP=,1.3184,1.3187,1.3184,9515.0,2016-08-02,1:35:34:0
GBP=,1.3182,1.3188,1.3182,9516.0,2016-08-02,1:35:36:0
GBP=,1.3184,1.3187,1.3184,9517.0,2016-08-02,1:35:37:0
GBP=,1.3182,1.3188,1.3182,9518.0,2016-08-02,1:35:38:0
GBP=,1.3183,1.3187,1.3183,9519.0,2016-08-02,1:35:40:0
GBP=,1.3182,1.3188,1.3182,9520.0,2016-08-02,1:35:41:0
GBP=,1.3183,1.3188,1.3183,9521.0,2016-08-02,1:35:42:0
GBP=,1.3182,1.3188,1.3182,9522.0,2016-08-02,1:35:44:0
GBP=,1.3182,1.3188,1.3182,9523.0,2016-08-02,1:35:45:0
GBP=,1.3183,1.3188,1.3183,9524.0,2016-08-02,1:35:52:0
GBP=,1.3183,1.3188,1.3183,9525.0,2016-08-02,1:35:54:0
GBP=,1.3183,1.3187,1.3183,9526.0,2016-08-02,1:35:58:0
GBP=,1.3182,1.3188,1.3182,9527.0,2016-08-02,1:35:58:0
GBP=,1.3183,1.3187,1.3183,9528.0,2016-08-02,1:35:59:0
GBP=,1.3184,1.3186,1.3184,9529.0,2016-08-02,1:36:1:0
GBP=,1.3182,1.3188,1.3182,9530.0,2016-08-02,1:36:1:0
GBP=,1.3183,1.3187,1.3183,9531.0,2016-08-02,1:36:2:0
GBP=,1.3184,1.3187,1.3184,9532.0,2016-08-02,1:36:3:0
GBP=,1.3182,1.3188,1.3182,9533.0,2016-08-02,1:36:5:0
GBP=,1.3182,1.3188,1.3182,9534.0,2016-08-02,1:36:10:0
GBP=,1.3183,1.3187,1.3183,9535.0,2016-08-02,1:36:16:0
GBP=,1.3182,1.3188,1.3182,9536.0,2016-08-02,1:36:16:0
GBP=,1.3183,1.3187,1.3183,9537.0,2016-08-02,1:36:18:0
GBP=,1.3183,1.3188,1.3183,9538.0,2016-08-02,1:36:18:0
GBP=,1.3183,1.3187,1.3183,9539.0,2016-08-02,1:36:19:0
GBP=,1.3183,1.3187,1.3183,9540.0,2016-08-02,1:36:19:0
GBP=,1.3182,1.3188,1.3182,9541.0,2016-08-02,1:36:19:0
GBP=,1.3182,1.3188,1.3182,9542.0,2016-08-02,1:36:21:0
GBP=,1.3182,1.3188,1.3182,9543.0,2016-08-02,1:36:22:0
GBP=,1.3182,1.3188,1.3182,9544.0,2016-08-02,1:36:25:0
GBP=,1.3183,1.3188,1.3183,9545.0,2016-08-02,1:36:27:0
GBP=,1.3183,1.3188,1.3183,9546.0,2016-08-02,1:36:29:0
GBP=,1.3184,1.3188,1.3184,9547.0,2016-08-02,1:36:32:0
GBP=,1.3185,1.3188,1.3185,9548.0,2016-08-02,1:36:36:0
GBP=,1.3185,1.3188,1.3185,9549.0,2016-08-02,1:36:38:0
GBP=,1.3182,1.3188,1.3182,9550.0,2016-08-02,1:36:39:0
GBP=,1.3185,1.3188,1.3185,9551.0,2016-08-02,1:36:40:0
GBP=,1.3186,1.3188,1.3186,9552.0,2016-08-02,1:36:46:0
GBP=,1.3186,1.3188,1.3186,9553.0,2016-08-02,1:36:48:0
GBP=,1.3182,1.3188,1.3182,9554.0,2016-08-02,1:36:49:0
GBP=,1.3184,1.3187,1.3184,9555.0,2016-08-02,1:36:51:0
GBP=,1.3182,1.3188,1.3182,9556.0,2016-08-02,1:36:52:0
GBP=,1.3185,1.3187,1.3185,9557.0,2016-08-02,1:36:52:0
GBP=,1.3185,1.3187,1.3185,9558.0,2016-08-02,1:36:54:0
GBP=,1.3182,1.3188,1.3182,9559.0,2016-08-02,1:36:57:0
GBP=,1.3183,1.3188,1.3183,9560.0,2016-08-02,1:36:59:0
GBP=,1.3185,1.3188,1.3185,9561.0,2016-08-02,1:37:0:0
GBP=,1.3182,1.3188,1.3182,9562.0,2016-08-02,1:37:1:0
GBP=,1.3184,1.3186,1.3184,9563.0,2016-08-02,1:37:2:0
GBP=,1.3185,1.3188,1.3185,9564.0,2016-08-02,1:37:2:0
GBP=,1.3185,1.3188,1.3185,9565.0,2016-08-02,1:37:3:0
GBP=,1.3182,1.3188,1.3182,9566.0,2016-08-02,1:37:4:0
GBP=,1.3184,1.3187,1.3184,9567.0,2016-08-02,1:37:5:0
GBP=,1.3183,1.3187,1.3183,9568.0,2016-08-02,1:37:6:0
GBP=,1.3182,1.3188,1.3182,9569.0,2016-08-02,1:37:6:0
GBP=,1.3183,1.3187,1.3183,9570.0,2016-08-02,1:37:8:0
GBP=,1.3182,1.3188,1.3182,9571.0,2016-08-02,1:37:9:0
GBP=,1.3183,1.3187,1.3183,9572.0,2016-08-02,1:37:9:0
GBP=,1.3182,1.3188,1.3182,9573.0,2016-08-02,1:37:9:0
GBP=,1.3183,1.3188,1.3183,9574.0,2016-08-02,1:37:10:0
GBP=,1.3183,1.3187,1.3183,9575.0,2016-08-02,1:37:12:0
GBP=,1.3182,1.3188,1.3182,9576.0,2016-08-02,1:37:12:0
GBP=,1.3182,1.3188,1.3182,9577.0,2016-08-02,1:37:15:0
GBP=,1.3182,1.3188,1.3182,9578.0,2016-08-02,1:37:17:0
GBP=,1.3182,1.3188,1.3182,9579.0,2016-08-02,1:37:19:0
GBP=,1.3182,1.3188,1.3182,9580.0,2016-08-02,1:37:21:0
GBP=,1.3183,1.3187,1.3183,9581.0,2016-08-02,1:37:22:0
GBP=,1.3183,1.3188,1.3183,9582.0,2016-08-02,1:37:23:0
GBP=,1.3184,1.3188,1.3184,9583.0,2016-08-02,1:37:24:0
GBP=,1.3182,1.3189,1.3182,9584.0,2016-08-02,1:37:24:0
GBP=,1.3182,1.3189,1.3182,9585.0,2016-08-02,1:37:26:0
GBP=,1.3183,1.3189,1.3183,9586.0,2016-08-02,1:37:27:0
GBP=,1.3184,1.3189,1.3184,9587.0,2016-08-02,1:37:30:0
GBP=,1.3185,1.3188,1.3185,9588.0,2016-08-02,1:37:31:0
GBP=,1.3185,1.3188,1.3185,9589.0,2016-08-02,1:37:33:0
GBP=,1.3186,1.3188,1.3186,9590.0,2016-08-02,1:37:40:0
GBP=,1.3186,1.3188,1.3186,9591.0,2016-08-02,1:37:42:0
GBP=,1.3182,1.3189,1.3182,9592.0,2016-08-02,1:37:44:0
GBP=,1.3184,1.3188,1.3184,9593.0,2016-08-02,1:37:44:0
GBP=,1.3182,1.3188,1.3182,9594.0,2016-08-02,1:37:44:0
GBP=,1.3184,1.3188,1.3184,9595.0,2016-08-02,1:37:45:0
GBP=,1.3184,1.3187,1.3184,9596.0,2016-08-02,1:37:45:0
GBP=,1.3183,1.3189,1.3183,9597.0,2016-08-02,1:37:46:0
GBP=,1.3184,1.3189,1.3184,9598.0,2016-08-02,1:37:48:0
GBP=,1.3183,1.3189,1.3183,9599.0,2016-08-02,1:37:49:0
GBP=,1.3183,1.3189,1.3183,9600.0,2016-08-02,1:37:49:0
GBP=,1.3183,1.3189,1.3183,9601.0,2016-08-02,1:37:56:0
GBP=,1.3183,1.3189,1.3183,9602.0,2016-08-02,1:37:57:0
GBP=,1.3184,1.3189,1.3184,9603.0,2016-08-02,1:37:57:0
GBP=,1.3185,1.3188,1.3185,9604.0,2016-08-02,1:37:59:0
GBP=,1.3183,1.3189,1.3183,9605.0,2016-08-02,1:38:0:0
GBP=,1.3182,1.3188,1.3182,9606.0,2016-08-02,1:38:0:0
GBP=,1.3185,1.3186,1.3185,9607.0,2016-08-02,1:38:1:0
GBP=,1.3185,1.3186,1.3185,9608.0,2016-08-02,1:38:6:0
GBP=,1.3183,1.3187,1.3183,9609.0,2016-08-02,1:38:6:0
GBP=,1.3183,1.3187,1.3183,9610.0,2016-08-02,1:38:7:0
GBP=,1.3182,1.3188,1.3182,9611.0,2016-08-02,1:38:7:0
GBP=,1.3183,1.3187,1.3183,9612.0,2016-08-02,1:38:8:0
GBP=,1.3184,1.3187,1.3184,9613.0,2016-08-02,1:38:9:0
GBP=,1.3183,1.3187,1.3183,9614.0,2016-08-02,1:38:10:0
GBP=,1.3182,1.3188,1.3182,9615.0,2016-08-02,1:38:10:0
GBP=,1.3183,1.3187,1.3183,9616.0,2016-08-02,1:38:12:0
GBP=,1.3183,1.3187,1.3183,9617.0,2016-08-02,1:38:13:0
GBP=,1.3182,1.3188,1.3182,9618.0,2016-08-02,1:38:13:0
GBP=,1.3182,1.3188,1.3182,9619.0,2016-08-02,1:38:13:0
GBP=,1.3181,1.3188,1.3181,9620.0,2016-08-02,1:38:15:0
GBP=,1.3182,1.3188,1.3182,9621.0,2016-08-02,1:38:16:0
GBP=,1.3183,1.3188,1.3183,9622.0,2016-08-02,1:38:17:0
GBP=,1.3183,1.3188,1.3183,9623.0,2016-08-02,1:38:22:0
GBP=,1.3182,1.3188,1.3182,9624.0,2016-08-02,1:38:23:0
GBP=,1.3183,1.3188,1.3183,9625.0,2016-08-02,1:38:26:0
GBP=,1.3182,1.3189,1.3182,9626.0,2016-08-02,1:38:28:0
GBP=,1.3183,1.3188,1.3183,9627.0,2016-08-02,1:38:29:0
GBP=,1.3184,1.3188,1.3184,9628.0,2016-08-02,1:38:29:0
GBP=,1.3184,1.3188,1.3184,9629.0,2016-08-02,1:38:30:0
GBP=,1.3182,1.3189,1.3182,9630.0,2016-08-02,1:38:31:0
GBP=,1.3183,1.3189,1.3183,9631.0,2016-08-02,1:38:32:0
GBP=,1.3182,1.3189,1.3182,9632.0,2016-08-02,1:38:34:0
GBP=,1.3183,1.3189,1.3183,9633.0,2016-08-02,1:38:36:0
GBP=,1.3183,1.3189,1.3183,9634.0,2016-08-02,1:38:37:0
GBP=,1.3184,1.3189,1.3184,9635.0,2016-08-02,1:38:42:0
GBP=,1.3185,1.3188,1.3185,9636.0,2016-08-02,1:38:43:0
GBP=,1.3185,1.3188,1.3185,9637.0,2016-08-02,1:38:46:0
GBP=,1.3186,1.3188,1.3186,9638.0,2016-08-02,1:38:49:0
GBP=,1.3183,1.3189,1.3183,9639.0,2016-08-02,1:38:53:0
GBP=,1.3186,1.3188,1.3186,9640.0,2016-08-02,1:38:53:0
GBP=,1.3187,1.3188,1.3187,9641.0,2016-08-02,1:38:54:0
GBP=,1.3183,1.3187,1.3183,9642.0,2016-08-02,1:39:1:0
GBP=,1.3182,1.3189,1.3182,9643.0,2016-08-02,1:39:1:0
GBP=,1.3185,1.3186,1.3185,9644.0,2016-08-02,1:39:2:0
GBP=,1.3187,1.3188,1.3187,9645.0,2016-08-02,1:39:2:0
GBP=,1.3184,1.3188,1.3184,9646.0,2016-08-02,1:39:3:0
GBP=,1.3185,1.3188,1.3185,9647.0,2016-08-02,1:39:4:0
GBP=,1.3184,1.3188,1.3184,9648.0,2016-08-02,1:39:5:0
GBP=,1.3183,1.3189,1.3183,9649.0,2016-08-02,1:39:7:0
GBP=,1.3184,1.3188,1.3184,9650.0,2016-08-02,1:39:8:0
GBP=,1.3184,1.3188,1.3184,9651.0,2016-08-02,1:39:9:0
GBP=,1.3182,1.3188,1.3182,9652.0,2016-08-02,1:39:10:0
GBP=,1.3183,1.3187,1.3183,9653.0,2016-08-02,1:39:11:0
GBP=,1.3184,1.3188,1.3184,9654.0,2016-08-02,1:39:12:0
GBP=,1.3184,1.3188,1.3184,9655.0,2016-08-02,1:39:13:0
GBP=,1.3183,1.3189,1.3183,9656.0,2016-08-02,1:39:13:0
GBP=,1.3184,1.3188,1.3184,9657.0,2016-08-02,1:39:14:0
GBP=,1.3185,1.3188,1.3185,9658.0,2016-08-02,1:39:15:0
GBP=,1.3185,1.3188,1.3185,9659.0,2016-08-02,1:39:16:0
GBP=,1.3183,1.3187,1.3183,9660.0,2016-08-02,1:39:16:0
GBP=,1.3182,1.3188,1.3182,9661.0,2016-08-02,1:39:16:0
GBP=,1.3184,1.3187,1.3184,9662.0,2016-08-02,1:39:17:0
GBP=,1.3182,1.3188,1.3182,9663.0,2016-08-02,1:39:18:0
GBP=,1.3183,1.3187,1.3183,9664.0,2016-08-02,1:39:23:0
GBP=,1.3183,1.3188,1.3183,9665.0,2016-08-02,1:39:23:0
GBP=,1.3182,1.3188,1.3182,9666.0,2016-08-02,1:39:23:0
GBP=,1.3183,1.3187,1.3183,9667.0,2016-08-02,1:39:24:0
GBP=,1.3183,1.3187,1.3183,9668.0,2016-08-02,1:39:25:0
GBP=,1.3183,1.3187,1.3183,9669.0,2016-08-02,1:39:25:0
GBP=,1.3182,1.3188,1.3182,9670.0,2016-08-02,1:39:26:0
GBP=,1.3183,1.3188,1.3183,9671.0,2016-08-02,1:39:27:0
GBP=,1.3184,1.3188,1.3184,9672.0,2016-08-02,1:39:28:0
GBP=,1.3182,1.3188,1.3182,9673.0,2016-08-02,1:39:29:0
GBP=,1.3182,1.3188,1.3182,9674.0,2016-08-02,1:39:34:0
GBP=,1.3183,1.3188,1.3183,9675.0,2016-08-02,1:39:35:0
GBP=,1.3184,1.3188,1.3184,9676.0,2016-08-02,1:39:39:0
GBP=,1.3182,1.3188,1.3182,9677.0,2016-08-02,1:39:39:0
GBP=,1.3183,1.3187,1.3183,9678.0,2016-08-02,1:39:40:0
GBP=,1.3184,1.3188,1.3184,9679.0,2016-08-02,1:39:41:0
GBP=,1.3183,1.3187,1.3183,9680.0,2016-08-02,1:39:41:0
GBP=,1.3182,1.3188,1.3182,9681.0,2016-08-02,1:39:42:0
GBP=,1.3183,1.3188,1.3183,9682.0,2016-08-02,1:39:43:0
GBP=,1.3183,1.3187,1.3183,9683.0,2016-08-02,1:39:44:0
GBP=,1.3182,1.3188,1.3182,9684.0,2016-08-02,1:39:45:0
GBP=,1.3183,1.3188,1.3183,9685.0,2016-08-02,1:39:47:0
GBP=,1.3182,1.3188,1.3182,9686.0,2016-08-02,1:39:49:0
GBP=,1.3183,1.3187,1.3183,9687.0,2016-08-02,1:39:49:0
GBP=,1.3183,1.3188,1.3183,9688.0,2016-08-02,1:39:50:0
GBP=,1.3184,1.3188,1.3184,9689.0,2016-08-02,1:39:50:0
GBP=,1.3183,1.3187,1.3183,9690.0,2016-08-02,1:39:50:0
GBP=,1.3182,1.3189,1.3182,9691.0,2016-08-02,1:39:52:0
GBP=,1.3182,1.3188,1.3182,9692.0,2016-08-02,1:39:55:0
GBP=,1.3183,1.3189,1.3183,9693.0,2016-08-02,1:39:56:0
GBP=,1.3183,1.3189,1.3183,9694.0,2016-08-02,1:39:57:0
GBP=,1.3184,1.3188,1.3184,9695.0,2016-08-02,1:40:0:0
GBP=,1.3182,1.3189,1.3182,9696.0,2016-08-02,1:40:0:0
GBP=,1.3184,1.3189,1.3184,9697.0,2016-08-02,1:40:0:0
GBP=,1.3185,1.3186,1.3185,9698.0,2016-08-02,1:40:1:0
GBP=,1.3185,1.3186,1.3185,9699.0,2016-08-02,1:40:5:0
GBP=,1.3182,1.3189,1.3182,9700.0,2016-08-02,1:40:6:0
GBP=,1.3182,1.3189,1.3182,9701.0,2016-08-02,1:40:14:0
GBP=,1.3183,1.3189,1.3183,9702.0,2016-08-02,1:40:17:0
GBP=,1.3183,1.3189,1.3183,9703.0,2016-08-02,1:40:21:0
GBP=,1.3184,1.3189,1.3184,9704.0,2016-08-02,1:40:23:0
GBP=,1.3185,1.3188,1.3185,9705.0,2016-08-02,1:40:25:0
GBP=,1.3185,1.3188,1.3185,9706.0,2016-08-02,1:40:30:0
GBP=,1.3184,1.3188,1.3184,9707.0,2016-08-02,1:40:30:0
GBP=,1.3185,1.3188,1.3185,9708.0,2016-08-02,1:40:31:0
GBP=,1.3183,1.3187,1.3183,9709.0,2016-08-02,1:40:32:0
GBP=,1.3182,1.3189,1.3182,9710.0,2016-08-02,1:40:32:0
GBP=,1.3182,1.3188,1.3182,9711.0,2016-08-02,1:40:32:0
GBP=,1.3182,1.3185,1.3182,9712.0,2016-08-02,1:40:32:0
GBP=,1.318,1.3187,1.318,9713.0,2016-08-02,1:40:33:0
GBP=,1.3182,1.3186,1.3182,9714.0,2016-08-02,1:40:33:0
GBP=,1.3182,1.3186,1.3182,9715.0,2016-08-02,1:40:33:0
GBP=,1.3184,1.3187,1.3184,9716.0,2016-08-02,1:40:33:0
GBP=,1.3182,1.3186,1.3182,9717.0,2016-08-02,1:40:34:0
GBP=,1.3181,1.3187,1.3181,9718.0,2016-08-02,1:40:35:0
GBP=,1.3181,1.3187,1.3181,9719.0,2016-08-02,1:40:37:0
GBP=,1.3181,1.3187,1.3181,9720.0,2016-08-02,1:40:37:0
GBP=,1.3182,1.3186,1.3182,9721.0,2016-08-02,1:40:38:0
GBP=,1.3182,1.3186,1.3182,9722.0,2016-08-02,1:40:39:0
GBP=,1.3183,1.3186,1.3183,9723.0,2016-08-02,1:40:39:0
GBP=,1.3182,1.3186,1.3182,9724.0,2016-08-02,1:40:40:0
GBP=,1.3183,1.3186,1.3183,9725.0,2016-08-02,1:40:40:0
GBP=,1.3181,1.3188,1.3181,9726.0,2016-08-02,1:40:41:0
GBP=,1.3182,1.3186,1.3182,9727.0,2016-08-02,1:40:41:0
GBP=,1.3181,1.3187,1.3181,9728.0,2016-08-02,1:40:45:0
GBP=,1.3182,1.3185,1.3182,9729.0,2016-08-02,1:40:45:0
GBP=,1.3182,1.3186,1.3182,9730.0,2016-08-02,1:40:46:0
GBP=,1.3183,1.3185,1.3183,9731.0,2016-08-02,1:40:46:0
GBP=,1.3181,1.3187,1.3181,9732.0,2016-08-02,1:40:47:0
GBP=,1.3181,1.3187,1.3181,9733.0,2016-08-02,1:40:50:0
GBP=,1.3182,1.3187,1.3182,9734.0,2016-08-02,1:40:50:0
GBP=,1.3182,1.3187,1.3182,9735.0,2016-08-02,1:40:53:0
GBP=,1.3181,1.3187,1.3181,9736.0,2016-08-02,1:40:55:0
GBP=,1.3183,1.3186,1.3183,9737.0,2016-08-02,1:40:55:0
GBP=,1.3183,1.3187,1.3183,9738.0,2016-08-02,1:40:55:0
GBP=,1.3183,1.3187,1.3183,9739.0,2016-08-02,1:40:55:0
GBP=,1.3183,1.3187,1.3183,9740.0,2016-08-02,1:40:56:0
GBP=,1.3182,1.3188,1.3182,9741.0,2016-08-02,1:40:57:0
GBP=,1.3182,1.3189,1.3182,9742.0,2016-08-02,1:41:0:0
GBP=,1.3181,1.3186,1.3181,9743.0,2016-08-02,1:41:0:0
GBP=,1.3182,1.3185,1.3182,9744.0,2016-08-02,1:41:1:0
GBP=,1.3182,1.3186,1.3182,9745.0,2016-08-02,1:41:1:0
GBP=,1.3185,1.3186,1.3185,9746.0,2016-08-02,1:41:2:0
GBP=,1.3182,1.3189,1.3182,9747.0,2016-08-02,1:41:2:0
GBP=,1.3183,1.3187,1.3183,9748.0,2016-08-02,1:41:3:0
GBP=,1.3184,1.3187,1.3184,9749.0,2016-08-02,1:41:3:0
GBP=,1.3181,1.3188,1.3181,9750.0,2016-08-02,1:41:3:0
GBP=,1.3183,1.3186,1.3183,9751.0,2016-08-02,1:41:5:0
GBP=,1.3183,1.3187,1.3183,9752.0,2016-08-02,1:41:6:0
GBP=,1.3182,1.3188,1.3182,9753.0,2016-08-02,1:41:6:0
GBP=,1.3183,1.3187,1.3183,9754.0,2016-08-02,1:41:7:0
GBP=,1.3183,1.3187,1.3183,9755.0,2016-08-02,1:41:9:0
GBP=,1.3182,1.3188,1.3182,9756.0,2016-08-02,1:41:9:0
GBP=,1.3183,1.3187,1.3183,9757.0,2016-08-02,1:41:13:0
GBP=,1.3182,1.3188,1.3182,9758.0,2016-08-02,1:41:16:0
GBP=,1.3184,1.3187,1.3184,9759.0,2016-08-02,1:41:16:0
GBP=,1.3183,1.3187,1.3183,9760.0,2016-08-02,1:41:17:0
GBP=,1.3184,1.3187,1.3184,9761.0,2016-08-02,1:41:17:0
GBP=,1.3183,1.3187,1.3183,9762.0,2016-08-02,1:41:18:0
GBP=,1.3184,1.3187,1.3184,9763.0,2016-08-02,1:41:18:0
GBP=,1.3182,1.3188,1.3182,9764.0,2016-08-02,1:41:19:0
GBP=,1.3182,1.3188,1.3182,9765.0,2016-08-02,1:41:22:0
GBP=,1.3182,1.3188,1.3182,9766.0,2016-08-02,1:41:24:0
GBP=,1.3182,1.3188,1.3182,9767.0,2016-08-02,1:41:26:0
GBP=,1.3183,1.3188,1.3183,9768.0,2016-08-02,1:41:26:0
GBP=,1.3183,1.3187,1.3183,9769.0,2016-08-02,1:41:27:0
GBP=,1.3182,1.3188,1.3182,9770.0,2016-08-02,1:41:27:0
GBP=,1.3182,1.3188,1.3182,9771.0,2016-08-02,1:41:30:0
GBP=,1.3182,1.3188,1.3182,9772.0,2016-08-02,1:41:33:0
GBP=,1.3182,1.3188,1.3182,9773.0,2016-08-02,1:41:33:0
GBP=,1.3182,1.3188,1.3182,9774.0,2016-08-02,1:41:36:0
GBP=,1.3182,1.3188,1.3182,9775.0,2016-08-02,1:41:39:0
GBP=,1.3182,1.3188,1.3182,9776.0,2016-08-02,1:41:42:0
GBP=,1.3182,1.3188,1.3182,9777.0,2016-08-02,1:41:45:0
GBP=,1.3183,1.3187,1.3183,9778.0,2016-08-02,1:41:51:0
GBP=,1.3183,1.3187,1.3183,9779.0,2016-08-02,1:41:53:0
GBP=,1.3182,1.3188,1.3182,9780.0,2016-08-02,1:41:53:0
GBP=,1.3183,1.3187,1.3183,9781.0,2016-08-02,1:41:53:0
GBP=,1.3182,1.3188,1.3182,9782.0,2016-08-02,1:41:54:0
GBP=,1.3183,1.3188,1.3183,9783.0,2016-08-02,1:41:57:0
GBP=,1.3183,1.3188,1.3183,9784.0,2016-08-02,1:41:59:0
GBP=,1.3182,1.3188,1.3182,9785.0,2016-08-02,1:42:0:0
GBP=,1.3183,1.3187,1.3183,9786.0,2016-08-02,1:42:0:0
GBP=,1.3184,1.3186,1.3184,9787.0,2016-08-02,1:42:1:0
GBP=,1.3185,1.3186,1.3185,9788.0,2016-08-02,1:42:4:0
GBP=,1.3185,1.3186,1.3185,9789.0,2016-08-02,1:42:5:0
GBP=,1.3182,1.3188,1.3182,9790.0,2016-08-02,1:42:9:0
GBP=,1.3182,1.3188,1.3182,9791.0,2016-08-02,1:42:14:0
GBP=,1.3183,1.3188,1.3183,9792.0,2016-08-02,1:42:15:0
GBP=,1.3182,1.3185,1.3182,9793.0,2016-08-02,1:42:16:0
GBP=,1.3181,1.3187,1.3181,9794.0,2016-08-02,1:42:16:0
GBP=,1.3182,1.3186,1.3182,9795.0,2016-08-02,1:42:17:0
GBP=,1.3181,1.3187,1.3181,9796.0,2016-08-02,1:42:17:0
GBP=,1.3182,1.3185,1.3182,9797.0,2016-08-02,1:42:17:0
GBP=,1.3182,1.3186,1.3182,9798.0,2016-08-02,1:42:17:0
GBP=,1.3182,1.3186,1.3182,9799.0,2016-08-02,1:42:18:0
GBP=,1.3181,1.3187,1.3181,9800.0,2016-08-02,1:42:20:0
GBP=,1.3181,1.3187,1.3181,9801.0,2016-08-02,1:42:21:0
GBP=,1.3182,1.3186,1.3182,9802.0,2016-08-02,1:42:23:0
GBP=,1.3181,1.3187,1.3181,9803.0,2016-08-02,1:42:24:0
GBP=,1.3183,1.3186,1.3183,9804.0,2016-08-02,1:42:24:0
GBP=,1.3182,1.3186,1.3182,9805.0,2016-08-02,1:42:24:0
GBP=,1.3182,1.3186,1.3182,9806.0,2016-08-02,1:42:29:0
GBP=,1.3182,1.3186,1.3182,9807.0,2016-08-02,1:42:35:0
GBP=,1.318,1.3186,1.318,9808.0,2016-08-02,1:42:36:0
GBP=,1.3182,1.3186,1.3182,9809.0,2016-08-02,1:42:37:0
GBP=,1.3182,1.3186,1.3182,9810.0,2016-08-02,1:42:38:0
GBP=,1.3183,1.3186,1.3183,9811.0,2016-08-02,1:42:40:0
GBP=,1.3181,1.3185,1.3181,9812.0,2016-08-02,1:42:41:0
GBP=,1.318,1.3187,1.318,9813.0,2016-08-02,1:42:43:0
GBP=,1.3182,1.3186,1.3182,9814.0,2016-08-02,1:42:43:0
GBP=,1.3182,1.3186,1.3182,9815.0,2016-08-02,1:42:44:0
GBP=,1.3182,1.3186,1.3182,9816.0,2016-08-02,1:42:45:0
GBP=,1.3183,1.3186,1.3183,9817.0,2016-08-02,1:42:45:0
GBP=,1.318,1.3187,1.318,9818.0,2016-08-02,1:42:47:0
GBP=,1.318,1.3187,1.318,9819.0,2016-08-02,1:42:50:0
GBP=,1.3182,1.3186,1.3182,9820.0,2016-08-02,1:42:51:0
GBP=,1.3181,1.3187,1.3181,9821.0,2016-08-02,1:42:51:0
GBP=,1.3182,1.3186,1.3182,9822.0,2016-08-02,1:42:52:0
GBP=,1.318,1.3187,1.318,9823.0,2016-08-02,1:42:52:0
GBP=,1.3181,1.3187,1.3181,9824.0,2016-08-02,1:42:53:0
GBP=,1.3181,1.3187,1.3181,9825.0,2016-08-02,1:42:56:0
GBP=,1.3182,1.3187,1.3182,9826.0,2016-08-02,1:42:56:0
GBP=,1.3181,1.3185,1.3181,9827.0,2016-08-02,1:42:57:0
GBP=,1.318,1.3187,1.318,9828.0,2016-08-02,1:42:58:0
GBP=,1.3182,1.3186,1.3182,9829.0,2016-08-02,1:43:1:0
GBP=,1.3182,1.3184,1.3182,9830.0,2016-08-02,1:43:1:0
GBP=,1.3182,1.3186,1.3182,9831.0,2016-08-02,1:43:2:0
GBP=,1.318,1.3187,1.318,9832.0,2016-08-02,1:43:2:0
GBP=,1.318,1.3187,1.318,9833.0,2016-08-02,1:43:2:0
GBP=,1.3181,1.3187,1.3181,9834.0,2016-08-02,1:43:3:0
GBP=,1.3181,1.3187,1.3181,9835.0,2016-08-02,1:43:9:0
GBP=,1.318,1.3187,1.318,9836.0,2016-08-02,1:43:12:0
GBP=,1.3181,1.3185,1.3181,9837.0,2016-08-02,1:43:12:0
GBP=,1.318,1.3186,1.318,9838.0,2016-08-02,1:43:14:0
GBP=,1.3181,1.3185,1.3181,9839.0,2016-08-02,1:43:15:0
GBP=,1.3182,1.3186,1.3182,9840.0,2016-08-02,1:43:17:0
GBP=,1.318,1.3187,1.318,9841.0,2016-08-02,1:43:17:0
GBP=,1.3183,1.3186,1.3183,9842.0,2016-08-02,1:43:17:0
GBP=,1.3181,1.3185,1.3181,9843.0,2016-08-02,1:43:18:0
GBP=,1.318,1.3186,1.318,9844.0,2016-08-02,1:43:20:0
GBP=,1.3181,1.3185,1.3181,9845.0,2016-08-02,1:43:21:0
GBP=,1.3181,1.3185,1.3181,9846.0,2016-08-02,1:43:22:0
GBP=,1.318,1.3186,1.318,9847.0,2016-08-02,1:43:23:0
GBP=,1.318,1.3186,1.318,9848.0,2016-08-02,1:43:25:0
GBP=,1.3181,1.3186,1.3181,9849.0,2016-08-02,1:43:26:0
GBP=,1.3182,1.3186,1.3182,9850.0,2016-08-02,1:43:31:0
GBP=,1.3183,1.3186,1.3183,9851.0,2016-08-02,1:43:33:0
GBP=,1.3183,1.3186,1.3183,9852.0,2016-08-02,1:43:34:0
GBP=,1.3183,1.3186,1.3183,9853.0,2016-08-02,1:43:35:0
GBP=,1.3181,1.3185,1.3181,9854.0,2016-08-02,1:43:38:0
GBP=,1.3184,1.3186,1.3184,9855.0,2016-08-02,1:43:38:0
GBP=,1.3184,1.3187,1.3184,9856.0,2016-08-02,1:43:39:0
GBP=,1.3184,1.3187,1.3184,9857.0,2016-08-02,1:43:41:0
GBP=,1.318,1.3186,1.318,9858.0,2016-08-02,1:43:41:0
GBP=,1.3185,1.3187,1.3185,9859.0,2016-08-02,1:43:42:0
GBP=,1.3181,1.3185,1.3181,9860.0,2016-08-02,1:43:46:0
GBP=,1.3181,1.3185,1.3181,9861.0,2016-08-02,1:43:47:0
GBP=,1.3182,1.3185,1.3182,9862.0,2016-08-02,1:43:47:0
GBP=,1.3182,1.3185,1.3182,9863.0,2016-08-02,1:43:47:0
GBP=,1.318,1.3186,1.318,9864.0,2016-08-02,1:43:49:0
GBP=,1.3182,1.3185,1.3182,9865.0,2016-08-02,1:43:50:0
GBP=,1.3181,1.3185,1.3181,9866.0,2016-08-02,1:43:53:0
GBP=,1.3183,1.3185,1.3183,9867.0,2016-08-02,1:43:54:0
GBP=,1.318,1.3186,1.318,9868.0,2016-08-02,1:43:56:0
GBP=,1.3183,1.3185,1.3183,9869.0,2016-08-02,1:43:57:0
GBP=,1.3181,1.3186,1.3181,9870.0,2016-08-02,1:43:57:0
GBP=,1.3182,1.3184,1.3182,9871.0,2016-08-02,1:44:1:0
GBP=,1.3183,1.3184,1.3183,9872.0,2016-08-02,1:44:2:0
GBP=,1.318,1.3186,1.318,9873.0,2016-08-02,1:44:4:0
GBP=,1.3182,1.3185,1.3182,9874.0,2016-08-02,1:44:5:0
GBP=,1.318,1.3186,1.318,9875.0,2016-08-02,1:44:6:0
GBP=,1.3181,1.3186,1.3181,9876.0,2016-08-02,1:44:10:0
GBP=,1.318,1.3186,1.318,9877.0,2016-08-02,1:44:13:0
GBP=,1.3181,1.3186,1.3181,9878.0,2016-08-02,1:44:13:0
GBP=,1.3182,1.3186,1.3182,9879.0,2016-08-02,1:44:16:0
GBP=,1.3183,1.3186,1.3183,9880.0,2016-08-02,1:44:18:0
GBP=,1.3183,1.3186,1.3183,9881.0,2016-08-02,1:44:21:0
GBP=,1.3183,1.3186,1.3183,9882.0,2016-08-02,1:44:21:0
GBP=,1.3184,1.3186,1.3184,9883.0,2016-08-02,1:44:22:0
GBP=,1.3185,1.3186,1.3185,9884.0,2016-08-02,1:44:25:0
GBP=,1.3185,1.3187,1.3185,9885.0,2016-08-02,1:44:27:0
GBP=,1.3184,1.3187,1.3184,9886.0,2016-08-02,1:44:27:0
GBP=,1.3185,1.3187,1.3185,9887.0,2016-08-02,1:44:29:0
GBP=,1.3181,1.3186,1.3181,9888.0,2016-08-02,1:44:30:0
GBP=,1.3184,1.3187,1.3184,9889.0,2016-08-02,1:44:30:0
GBP=,1.3182,1.3186,1.3182,9890.0,2016-08-02,1:44:30:0
GBP=,1.318,1.3186,1.318,9891.0,2016-08-02,1:44:31:0
GBP=,1.3183,1.3186,1.3183,9892.0,2016-08-02,1:44:31:0
GBP=,1.3181,1.3185,1.3181,9893.0,2016-08-02,1:44:31:0
GBP=,1.3181,1.3187,1.3181,9894.0,2016-08-02,1:44:32:0
GBP=,1.3182,1.3186,1.3182,9895.0,2016-08-02,1:44:32:0
GBP=,1.3181,1.3187,1.3181,9896.0,2016-08-02,1:44:33:0
GBP=,1.3183,1.3186,1.3183,9897.0,2016-08-02,1:44:33:0
GBP=,1.3181,1.3187,1.3181,9898.0,2016-08-02,1:44:36:0
GBP=,1.3181,1.3187,1.3181,9899.0,2016-08-02,1:44:37:0
GBP=,1.3182,1.3186,1.3182,9900.0,2016-08-02,1:44:38:0
GBP=,1.3181,1.3187,1.3181,9901.0,2016-08-02,1:44:39:0
GBP=,1.3183,1.3186,1.3183,9902.0,2016-08-02,1:44:39:0
GBP=,1.3182,1.3186,1.3182,9903.0,2016-08-02,1:44:39:0
GBP=,1.3182,1.3186,1.3182,9904.0,2016-08-02,1:44:40:0
GBP=,1.3182,1.3186,1.3182,9905.0,2016-08-02,1:44:41:0
GBP=,1.3181,1.3187,1.3181,9906.0,2016-08-02,1:44:42:0
GBP=,1.3181,1.3187,1.3181,9907.0,2016-08-02,1:44:45:0
GBP=,1.3182,1.3186,1.3182,9908.0,2016-08-02,1:44:45:0
GBP=,1.3181,1.3187,1.3181,9909.0,2016-08-02,1:44:46:0
GBP=,1.3182,1.3187,1.3182,9910.0,2016-08-02,1:44:46:0
GBP=,1.3183,1.3187,1.3183,9911.0,2016-08-02,1:44:51:0
GBP=,1.3182,1.3186,1.3182,9912.0,2016-08-02,1:44:51:0
GBP=,1.3181,1.3187,1.3181,9913.0,2016-08-02,1:44:52:0
GBP=,1.3183,1.3187,1.3183,9914.0,2016-08-02,1:44:53:0
GBP=,1.3182,1.3186,1.3182,9915.0,2016-08-02,1:44:53:0
GBP=,1.3181,1.3187,1.3181,9916.0,2016-08-02,1:44:55:0
GBP=,1.3182,1.3187,1.3182,9917.0,2016-08-02,1:44:57:0
GBP=,1.3182,1.3186,1.3182,9918.0,2016-08-02,1:44:57:0
GBP=,1.3181,1.3187,1.3181,9919.0,2016-08-02,1:44:58:0
GBP=,1.3181,1.3187,1.3181,9920.0,2016-08-02,1:45:0:0
GBP=,1.3181,1.3187,1.3181,9921.0,2016-08-02,1:45:1:0
GBP=,1.3183,1.3184,1.3183,9922.0,2016-08-02,1:45:1:0
GBP=,1.3182,1.3186,1.3182,9923.0,2016-08-02,1:45:2:0
GBP=,1.3183,1.3186,1.3183,9924.0,2016-08-02,1:45:4:0
GBP=,1.3181,1.3185,1.3181,9925.0,2016-08-02,1:45:8:0
GBP=,1.318,1.3186,1.318,9926.0,2016-08-02,1:45:9:0
GBP=,1.3181,1.3185,1.3181,9927.0,2016-08-02,1:45:9:0
GBP=,1.3183,1.3186,1.3183,9928.0,2016-08-02,1:45:10:0
GBP=,1.318,1.3186,1.318,9929.0,2016-08-02,1:45:15:0
GBP=,1.3181,1.3185,1.3181,9930.0,2016-08-02,1:45:15:0
GBP=,1.3181,1.3185,1.3181,9931.0,2016-08-02,1:45:17:0
GBP=,1.3181,1.3187,1.3181,9932.0,2016-08-02,1:45:19:0
GBP=,1.3182,1.3187,1.3182,9933.0,2016-08-02,1:45:20:0
GBP=,1.318,1.3186,1.318,9934.0,2016-08-02,1:45:21:0
GBP=,1.3181,1.3185,1.3181,9935.0,2016-08-02,1:45:21:0
GBP=,1.318,1.3186,1.318,9936.0,2016-08-02,1:45:23:0
GBP=,1.318,1.3186,1.318,9937.0,2016-08-02,1:45:25:0
GBP=,1.3181,1.3185,1.3181,9938.0,2016-08-02,1:45:26:0
GBP=,1.318,1.3186,1.318,9939.0,2016-08-02,1:45:29:0
GBP=,1.3181,1.3185,1.3181,9940.0,2016-08-02,1:45:29:0
GBP=,1.3181,1.3186,1.3181,9941.0,2016-08-02,1:45:30:0
GBP=,1.318,1.3186,1.318,9942.0,2016-08-02,1:45:32:0
GBP=,1.3181,1.3186,1.3181,9943.0,2016-08-02,1:45:34:0
GBP=,1.318,1.3187,1.318,9944.0,2016-08-02,1:45:35:0
GBP=,1.318,1.3186,1.318,9945.0,2016-08-02,1:45:36:0
GBP=,1.3181,1.3186,1.3181,9946.0,2016-08-02,1:45:37:0
GBP=,1.3183,1.3186,1.3183,9947.0,2016-08-02,1:45:37:0
GBP=,1.318,1.3186,1.318,9948.0,2016-08-02,1:45:38:0
GBP=,1.3181,1.3185,1.3181,9949.0,2016-08-02,1:45:41:0
GBP=,1.318,1.3186,1.318,9950.0,2016-08-02,1:45:41:0
GBP=,1.318,1.3186,1.318,9951.0,2016-08-02,1:45:41:0
GBP=,1.3181,1.3186,1.3181,9952.0,2016-08-02,1:45:50:0
GBP=,1.3181,1.3186,1.3181,9953.0,2016-08-02,1:45:51:0
GBP=,1.318,1.3186,1.318,9954.0,2016-08-02,1:45:58:0
GBP=,1.318,1.3186,1.318,9955.0,2016-08-02,1:45:59:0
GBP=,1.3181,1.3186,1.3181,9956.0,2016-08-02,1:46:0:0
GBP=,1.3182,1.3184,1.3182,9957.0,2016-08-02,1:46:1:0
GBP=,1.3181,1.3186,1.3181,9958.0,2016-08-02,1:46:5:0
GBP=,1.3182,1.3184,1.3182,9959.0,2016-08-02,1:46:6:0
GBP=,1.3183,1.3184,1.3183,9960.0,2016-08-02,1:46:11:0
GBP=,1.3183,1.3184,1.3183,9961.0,2016-08-02,1:46:13:0
GBP=,1.318,1.3186,1.318,9962.0,2016-08-02,1:46:30:0
GBP=,1.318,1.3186,1.318,9963.0,2016-08-02,1:46:30:0
GBP=,1.3181,1.3186,1.3181,9964.0,2016-08-02,1:46:35:0
GBP=,1.3181,1.3186,1.3181,9965.0,2016-08-02,1:46:36:0
GBP=,1.3182,1.3186,1.3182,9966.0,2016-08-02,1:46:43:0
GBP=,1.3182,1.3186,1.3182,9967.0,2016-08-02,1:46:44:0
GBP=,1.3183,1.3186,1.3183,9968.0,2016-08-02,1:46:48:0
GBP=,1.3183,1.3186,1.3183,9969.0,2016-08-02,1:46:49:0
GBP=,1.3184,1.3186,1.3184,9970.0,2016-08-02,1:46:54:0
GBP=,1.3184,1.3186,1.3184,9971.0,2016-08-02,1:46:55:0
GBP=,1.3185,1.3186,1.3185,9972.0,2016-08-02,1:46:59:0
GBP=,1.3182,1.3184,1.3182,9973.0,2016-08-02,1:47:1:0
GBP=,1.3185,1.3186,1.3185,9974.0,2016-08-02,1:47:2:0
GBP=,1.3183,1.3184,1.3183,9975.0,2016-08-02,1:47:3:0
GBP=,1.3183,1.3184,1.3183,9976.0,2016-08-02,1:47:9:0
GBP=,1.3181,1.3185,1.3181,9977.0,2016-08-02,1:47:10:0
GBP=,1.3181,1.3187,1.3181,9978.0,2016-08-02,1:47:11:0
GBP=,1.3181,1.3187,1.3181,9979.0,2016-08-02,1:47:11:0
GBP=,1.3182,1.3186,1.3182,9980.0,2016-08-02,1:47:11:0
GBP=,1.3182,1.3186,1.3182,9981.0,2016-08-02,1:47:15:0
GBP=,1.3181,1.3187,1.3181,9982.0,2016-08-02,1:47:16:0
GBP=,1.3181,1.3187,1.3181,9983.0,2016-08-02,1:47:18:0
GBP=,1.318,1.3186,1.318,9984.0,2016-08-02,1:47:19:0
GBP=,1.3181,1.3186,1.3181,9985.0,2016-08-02,1:47:23:0
GBP=,1.3181,1.3186,1.3181,9986.0,2016-08-02,1:47:25:0
GBP=,1.3182,1.3186,1.3182,9987.0,2016-08-02,1:47:29:0
GBP=,1.3181,1.3187,1.3181,9988.0,2016-08-02,1:47:30:0
GBP=,1.3181,1.3187,1.3181,9989.0,2016-08-02,1:47:34:0
GBP=,1.3182,1.3187,1.3182,9990.0,2016-08-02,1:47:37:0
GBP=,1.3182,1.3187,1.3182,9991.0,2016-08-02,1:47:41:0
GBP=,1.318,1.3187,1.318,9992.0,2016-08-02,1:47:42:0
GBP=,1.3181,1.3187,1.3181,9993.0,2016-08-02,1:47:43:0
GBP=,1.3181,1.3185,1.3181,9994.0,2016-08-02,1:47:46:0
GBP=,1.318,1.3186,1.318,9995.0,2016-08-02,1:47:46:0
GBP=,1.3182,1.3185,1.3182,9996.0,2016-08-02,1:47:47:0
GBP=,1.3182,1.3185,1.3182,9997.0,2016-08-02,1:47:49:0
GBP=,1.3183,1.3185,1.3183,9998.0,2016-08-02,1:47:51:0
GBP=,1.3184,1.3185,1.3184,9999.0,2016-08-02,1:47:54:0
GBP=,1.318,1.3186,1.318,10000.0,2016-08-02,1:47:55:0
GBP=,1.3182,1.3186,1.3182,10001.0,2016-08-02,1:47:55:0
GBP=,1.3181,1.3185,1.3181,10002.0,2016-08-02,1:47:56:0
GBP=,1.3181,1.3185,1.3181,10003.0,2016-08-02,1:47:57:0
GBP=,1.3184,1.3185,1.3184,10004.0,2016-08-02,1:47:58:0
GBP=,1.3182,1.3185,1.3182,10005.0,2016-08-02,1:47:58:0
GBP=,1.3182,1.3184,1.3182,10006.0,2016-08-02,1:48:1:0
GBP=,1.3181,1.3185,1.3181,10007.0,2016-08-02,1:48:3:0
GBP=,1.3179,1.3186,1.3179,10008.0,2016-08-02,1:48:3:0
GBP=,1.3181,1.3185,1.3181,10009.0,2016-08-02,1:48:4:0
GBP=,1.3181,1.3185,1.3181,10010.0,2016-08-02,1:48:4:0
GBP=,1.3181,1.3185,1.3181,10011.0,2016-08-02,1:48:5:0
GBP=,1.3182,1.3184,1.3182,10012.0,2016-08-02,1:48:5:0
GBP=,1.318,1.3186,1.318,10013.0,2016-08-02,1:48:6:0
GBP=,1.3183,1.3184,1.3183,10014.0,2016-08-02,1:48:6:0
GBP=,1.3181,1.3185,1.3181,10015.0,2016-08-02,1:48:7:0
GBP=,1.3181,1.3185,1.3181,10016.0,2016-08-02,1:48:8:0
GBP=,1.3181,1.3185,1.3181,10017.0,2016-08-02,1:48:9:0
GBP=,1.318,1.3186,1.318,10018.0,2016-08-02,1:48:9:0
GBP=,1.3181,1.3185,1.3181,10019.0,2016-08-02,1:48:13:0
GBP=,1.318,1.3186,1.318,10020.0,2016-08-02,1:48:13:0
GBP=,1.318,1.3186,1.318,10021.0,2016-08-02,1:48:13:0
GBP=,1.3181,1.3187,1.3181,10022.0,2016-08-02,1:48:13:0
GBP=,1.3181,1.3185,1.3181,10023.0,2016-08-02,1:48:14:0
GBP=,1.3181,1.3185,1.3181,10024.0,2016-08-02,1:48:15:0
GBP=,1.318,1.3186,1.318,10025.0,2016-08-02,1:48:15:0
GBP=,1.3181,1.3185,1.3181,10026.0,2016-08-02,1:48:16:0
GBP=,1.3182,1.3185,1.3182,10027.0,2016-08-02,1:48:17:0
GBP=,1.318,1.3186,1.318,10028.0,2016-08-02,1:48:18:0
GBP=,1.3181,1.3185,1.3181,10029.0,2016-08-02,1:48:21:0
GBP=,1.318,1.3186,1.318,10030.0,2016-08-02,1:48:21:0
GBP=,1.3181,1.3185,1.3181,10031.0,2016-08-02,1:48:22:0
GBP=,1.318,1.3186,1.318,10032.0,2016-08-02,1:48:22:0
GBP=,1.318,1.3186,1.318,10033.0,2016-08-02,1:48:24:0
GBP=,1.3181,1.3185,1.3181,10034.0,2016-08-02,1:48:26:0
GBP=,1.318,1.3186,1.318,10035.0,2016-08-02,1:48:27:0
GBP=,1.3181,1.3185,1.3181,10036.0,2016-08-02,1:48:28:0
GBP=,1.3182,1.3185,1.3182,10037.0,2016-08-02,1:48:29:0
GBP=,1.3181,1.3185,1.3181,10038.0,2016-08-02,1:48:29:0
GBP=,1.318,1.3186,1.318,10039.0,2016-08-02,1:48:30:0
GBP=,1.318,1.3186,1.318,10040.0,2016-08-02,1:48:30:0
GBP=,1.3179,1.3187,1.3179,10042.0,2016-08-02,1:48:32:0
GBP=,1.3179,1.3187,1.3179,10042.0,2016-08-02,1:48:32:0
GBP=,1.318,1.3184,1.318,10043.0,2016-08-02,1:48:32:0
GBP=,1.318,1.3184,1.318,10044.0,2016-08-02,1:48:33:0
GBP=,1.3181,1.3184,1.3181,10045.0,2016-08-02,1:48:33:0
GBP=,1.318,1.3186,1.318,10046.0,2016-08-02,1:48:33:0
GBP=,1.3181,1.3185,1.3181,10047.0,2016-08-02,1:48:34:0
GBP=,1.3182,1.3185,1.3182,10048.0,2016-08-02,1:48:34:0
GBP=,1.3182,1.3185,1.3182,10049.0,2016-08-02,1:48:35:0
GBP=,1.3181,1.3185,1.3181,10050.0,2016-08-02,1:48:36:0
GBP=,1.3179,1.3186,1.3179,10051.0,2016-08-02,1:48:36:0
GBP=,1.318,1.3184,1.318,10052.0,2016-08-02,1:48:37:0
GBP=,1.318,1.3184,1.318,10053.0,2016-08-02,1:48:38:0
GBP=,1.3181,1.3184,1.3181,10054.0,2016-08-02,1:48:39:0
GBP=,1.3179,1.3186,1.3179,10055.0,2016-08-02,1:48:39:0
GBP=,1.318,1.3184,1.318,10056.0,2016-08-02,1:48:41:0
GBP=,1.318,1.3184,1.318,10057.0,2016-08-02,1:48:41:0
GBP=,1.3179,1.3186,1.3179,10058.0,2016-08-02,1:48:42:0
GBP=,1.318,1.3184,1.318,10059.0,2016-08-02,1:48:43:0
GBP=,1.318,1.3184,1.318,10060.0,2016-08-02,1:48:45:0
GBP=,1.3179,1.3186,1.3179,10061.0,2016-08-02,1:48:45:0
GBP=,1.318,1.3184,1.318,10062.0,2016-08-02,1:48:45:0
GBP=,1.3181,1.3184,1.3181,10063.0,2016-08-02,1:48:45:0
GBP=,1.3181,1.3185,1.3181,10064.0,2016-08-02,1:48:47:0
GBP=,1.3181,1.3185,1.3181,10065.0,2016-08-02,1:48:47:0
GBP=,1.3181,1.3185,1.3181,10066.0,2016-08-02,1:48:48:0
GBP=,1.318,1.3186,1.318,10067.0,2016-08-02,1:48:48:0
GBP=,1.3181,1.3185,1.3181,10068.0,2016-08-02,1:48:49:0
GBP=,1.3181,1.3185,1.3181,10069.0,2016-08-02,1:48:51:0
GBP=,1.3181,1.3185,1.3181,10070.0,2016-08-02,1:48:51:0
GBP=,1.318,1.3186,1.318,10071.0,2016-08-02,1:48:51:0
GBP=,1.3182,1.3185,1.3182,10072.0,2016-08-02,1:48:51:0
GBP=,1.3182,1.3185,1.3182,10073.0,2016-08-02,1:48:53:0
GBP=,1.3182,1.3185,1.3182,10074.0,2016-08-02,1:48:54:0
GBP=,1.318,1.3186,1.318,10075.0,2016-08-02,1:48:54:0
GBP=,1.3181,1.3185,1.3181,10076.0,2016-08-02,1:48:57:0
GBP=,1.3182,1.3185,1.3182,10077.0,2016-08-02,1:48:57:0
GBP=,1.3182,1.3186,1.3182,10078.0,2016-08-02,1:48:57:0
GBP=,1.3181,1.3187,1.3181,10079.0,2016-08-02,1:48:57:0
GBP=,1.3183,1.3185,1.3183,10080.0,2016-08-02,1:48:58:0
GBP=,1.318,1.3186,1.318,10081.0,2016-08-02,1:49:0:0
GBP=,1.318,1.3186,1.318,10082.0,2016-08-02,1:49:0:0
GBP=,1.3181,1.3185,1.3181,10083.0,2016-08-02,1:49:1:0
GBP=,1.318,1.3187,1.318,10084.0,2016-08-02,1:49:1:0
GBP=,1.3183,1.3185,1.3183,10085.0,2016-08-02,1:49:1:0
GBP=,1.3183,1.3184,1.3183,10086.0,2016-08-02,1:49:2:0
GBP=,1.318,1.3186,1.318,10087.0,2016-08-02,1:49:3:0
GBP=,1.3181,1.3185,1.3181,10088.0,2016-08-02,1:49:3:0
GBP=,1.3181,1.3185,1.3181,10089.0,2016-08-02,1:49:4:0
GBP=,1.3181,1.3186,1.3181,10090.0,2016-08-02,1:49:4:0
GBP=,1.3181,1.3185,1.3181,10091.0,2016-08-02,1:49:5:0
GBP=,1.318,1.3184,1.318,10092.0,2016-08-02,1:49:5:0
GBP=,1.3181,1.3185,1.3181,10093.0,2016-08-02,1:49:6:0
GBP=,1.318,1.3186,1.318,10094.0,2016-08-02,1:49:6:0
GBP=,1.3181,1.3185,1.3181,10095.0,2016-08-02,1:49:9:0
GBP=,1.318,1.3185,1.318,10097.0,2016-08-02,1:49:10:0
GBP=,1.318,1.3185,1.318,10097.0,2016-08-02,1:49:10:0
GBP=,1.3181,1.3185,1.3181,10098.0,2016-08-02,1:49:11:0
GBP=,1.318,1.3186,1.318,10099.0,2016-08-02,1:49:15:0
GBP=,1.3181,1.3185,1.3181,10100.0,2016-08-02,1:49:17:0
GBP=,1.318,1.3186,1.318,10101.0,2016-08-02,1:49:17:0
GBP=,1.3181,1.3185,1.3181,10102.0,2016-08-02,1:49:18:0
GBP=,1.3182,1.3185,1.3182,10103.0,2016-08-02,1:49:18:0
GBP=,1.3181,1.3185,1.3181,10104.0,2016-08-02,1:49:19:0
GBP=,1.318,1.3186,1.318,10105.0,2016-08-02,1:49:20:0
GBP=,1.3181,1.3185,1.3181,10106.0,2016-08-02,1:49:25:0
GBP=,1.3182,1.3185,1.3182,10107.0,2016-08-02,1:49:25:0
GBP=,1.3181,1.3185,1.3181,10108.0,2016-08-02,1:49:26:0
GBP=,1.3181,1.3185,1.3181,10109.0,2016-08-02,1:49:27:0
GBP=,1.318,1.3186,1.318,10110.0,2016-08-02,1:49:27:0
GBP=,1.3181,1.3185,1.3181,10111.0,2016-08-02,1:49:27:0
GBP=,1.318,1.3186,1.318,10112.0,2016-08-02,1:49:29:0
GBP=,1.318,1.3184,1.318,10113.0,2016-08-02,1:49:30:0
GBP=,1.318,1.3184,1.318,10114.0,2016-08-02,1:49:31:0
GBP=,1.3181,1.3184,1.3181,10115.0,2016-08-02,1:49:31:0
GBP=,1.3178,1.3186,1.3178,10116.0,2016-08-02,1:49:31:0
GBP=,1.3179,1.3185,1.3179,10117.0,2016-08-02,1:49:32:0
GBP=,1.3179,1.3186,1.3179,10118.0,2016-08-02,1:49:32:0
GBP=,1.3181,1.3185,1.3181,10119.0,2016-08-02,1:49:32:0
GBP=,1.318,1.3184,1.318,10120.0,2016-08-02,1:49:33:0
GBP=,1.3179,1.3185,1.3179,10121.0,2016-08-02,1:49:34:0
GBP=,1.3181,1.3184,1.3181,10122.0,2016-08-02,1:49:35:0
GBP=,1.3179,1.3185,1.3179,10123.0,2016-08-02,1:49:35:0
GBP=,1.3179,1.3185,1.3179,10124.0,2016-08-02,1:49:38:0
GBP=,1.318,1.3184,1.318,10125.0,2016-08-02,1:49:39:0
GBP=,1.3181,1.3184,1.3181,10126.0,2016-08-02,1:49:40:0
GBP=,1.3181,1.3185,1.3181,10127.0,2016-08-02,1:49:41:0
GBP=,1.3179,1.3185,1.3179,10128.0,2016-08-02,1:49:41:0
GBP=,1.318,1.3184,1.318,10129.0,2016-08-02,1:49:41:0
GBP=,1.318,1.3184,1.318,10130.0,2016-08-02,1:49:42:0
GBP=,1.318,1.3184,1.318,10131.0,2016-08-02,1:49:43:0
GBP=,1.318,1.3184,1.318,10132.0,2016-08-02,1:49:44:0
GBP=,1.3179,1.3185,1.3179,10133.0,2016-08-02,1:49:44:0
GBP=,1.318,1.3185,1.318,10134.0,2016-08-02,1:49:46:0
GBP=,1.3179,1.3185,1.3179,10135.0,2016-08-02,1:49:47:0
GBP=,1.3179,1.3185,1.3179,10136.0,2016-08-02,1:49:50:0
GBP=,1.3181,1.3184,1.3181,10137.0,2016-08-02,1:49:50:0
GBP=,1.3179,1.3185,1.3179,10138.0,2016-08-02,1:49:51:0
GBP=,1.318,1.3184,1.318,10139.0,2016-08-02,1:49:51:0
GBP=,1.3179,1.3185,1.3179,10140.0,2016-08-02,1:49:54:0
GBP=,1.318,1.3184,1.318,10141.0,2016-08-02,1:49:55:0
GBP=,1.3181,1.3184,1.3181,10142.0,2016-08-02,1:49:56:0
GBP=,1.318,1.3184,1.318,10143.0,2016-08-02,1:49:57:0
GBP=,1.3181,1.3185,1.3181,10144.0,2016-08-02,1:49:57:0
GBP=,1.3181,1.3185,1.3181,10145.0,2016-08-02,1:49:58:0
GBP=,1.318,1.3186,1.318,10146.0,2016-08-02,1:49:58:0
GBP=,1.3181,1.3185,1.3181,10147.0,2016-08-02,1:49:59:0
GBP=,1.3179,1.3185,1.3179,10148.0,2016-08-02,1:50:0:0
GBP=,1.3179,1.3185,1.3179,10149.0,2016-08-02,1:50:0:0
GBP=,1.3182,1.3184,1.3182,10150.0,2016-08-02,1:50:0:0
GBP=,1.318,1.3186,1.318,10151.0,2016-08-02,1:50:1:0
GBP=,1.3181,1.3185,1.3181,10152.0,2016-08-02,1:50:1:0
GBP=,1.3179,1.3187,1.3179,10153.0,2016-08-02,1:50:1:0
GBP=,1.3182,1.3186,1.3182,10154.0,2016-08-02,1:50:2:0
GBP=,1.3182,1.3186,1.3182,10155.0,2016-08-02,1:50:2:0
GBP=,1.3181,1.3185,1.3181,10156.0,2016-08-02,1:50:3:0
GBP=,1.3183,1.3186,1.3183,10157.0,2016-08-02,1:50:3:0
GBP=,1.3181,1.3187,1.3181,10158.0,2016-08-02,1:50:4:0
GBP=,1.3182,1.3186,1.3182,10159.0,2016-08-02,1:50:5:0
GBP=,1.3181,1.3186,1.3181,10160.0,2016-08-02,1:50:5:0
GBP=,1.3183,1.3186,1.3183,10161.0,2016-08-02,1:50:5:0
GBP=,1.3183,1.3186,1.3183,10162.0,2016-08-02,1:50:5:0
GBP=,1.3182,1.3186,1.3182,10163.0,2016-08-02,1:50:6:0
GBP=,1.3182,1.3186,1.3182,10164.0,2016-08-02,1:50:6:0
GBP=,1.3181,1.3187,1.3181,10165.0,2016-08-02,1:50:7:0
GBP=,1.3182,1.3186,1.3182,10166.0,2016-08-02,1:50:7:0
GBP=,1.3182,1.3186,1.3182,10167.0,2016-08-02,1:50:8:0
GBP=,1.3182,1.3185,1.3182,10168.0,2016-08-02,1:50:9:0
GBP=,1.3183,1.3187,1.3183,10169.0,2016-08-02,1:50:9:0
GBP=,1.3181,1.3187,1.3181,10170.0,2016-08-02,1:50:10:0
GBP=,1.3182,1.3186,1.3182,10171.0,2016-08-02,1:50:11:0
GBP=,1.3182,1.3186,1.3182,10172.0,2016-08-02,1:50:11:0
GBP=,1.3181,1.3187,1.3181,10173.0,2016-08-02,1:50:13:0
GBP=,1.3182,1.3186,1.3182,10174.0,2016-08-02,1:50:14:0
GBP=,1.3182,1.3186,1.3182,10175.0,2016-08-02,1:50:15:0
GBP=,1.3181,1.3187,1.3181,10176.0,2016-08-02,1:50:16:0
GBP=,1.3183,1.3186,1.3183,10177.0,2016-08-02,1:50:16:0
GBP=,1.3182,1.3186,1.3182,10178.0,2016-08-02,1:50:17:0
GBP=,1.3181,1.3187,1.3181,10179.0,2016-08-02,1:50:19:0
GBP=,1.3182,1.3186,1.3182,10180.0,2016-08-02,1:50:19:0
GBP=,1.3182,1.3186,1.3182,10181.0,2016-08-02,1:50:21:0
GBP=,1.3181,1.3187,1.3181,10182.0,2016-08-02,1:50:21:0
GBP=,1.3182,1.3186,1.3182,10183.0,2016-08-02,1:50:23:0
GBP=,1.3181,1.3185,1.3181,10184.0,2016-08-02,1:50:23:0
GBP=,1.3182,1.3186,1.3182,10185.0,2016-08-02,1:50:23:0
GBP=,1.3181,1.3187,1.3181,10186.0,2016-08-02,1:50:24:0
GBP=,1.3182,1.3186,1.3182,10187.0,2016-08-02,1:50:25:0
GBP=,1.3183,1.3187,1.3183,10188.0,2016-08-02,1:50:26:0
GBP=,1.3181,1.3187,1.3181,10189.0,2016-08-02,1:50:27:0
GBP=,1.3183,1.3187,1.3183,10190.0,2016-08-02,1:50:27:0
GBP=,1.3183,1.3186,1.3183,10191.0,2016-08-02,1:50:28:0
GBP=,1.3184,1.3187,1.3184,10192.0,2016-08-02,1:50:28:0
GBP=,1.3183,1.3187,1.3183,10193.0,2016-08-02,1:50:28:0
GBP=,1.3183,1.3186,1.3183,10194.0,2016-08-02,1:50:29:0
GBP=,1.3183,1.3187,1.3183,10195.0,2016-08-02,1:50:30:0
GBP=,1.3184,1.3187,1.3184,10196.0,2016-08-02,1:50:30:0
GBP=,1.318,1.3186,1.318,10197.0,2016-08-02,1:50:30:0
GBP=,1.3181,1.3188,1.3181,10198.0,2016-08-02,1:50:30:0
GBP=,1.3183,1.3187,1.3183,10199.0,2016-08-02,1:50:31:0
GBP=,1.3182,1.3185,1.3182,10200.0,2016-08-02,1:50:32:0
GBP=,1.3183,1.3187,1.3183,10201.0,2016-08-02,1:50:32:0
GBP=,1.3184,1.3187,1.3184,10202.0,2016-08-02,1:50:33:0
GBP=,1.3181,1.3188,1.3181,10203.0,2016-08-02,1:50:33:0
GBP=,1.3183,1.3187,1.3183,10204.0,2016-08-02,1:50:35:0
GBP=,1.3182,1.3188,1.3182,10205.0,2016-08-02,1:50:36:0
GBP=,1.3182,1.3188,1.3182,10206.0,2016-08-02,1:50:36:0
GBP=,1.3183,1.3187,1.3183,10207.0,2016-08-02,1:50:37:0
GBP=,1.3182,1.3186,1.3182,10208.0,2016-08-02,1:50:37:0
GBP=,1.3181,1.3188,1.3181,10209.0,2016-08-02,1:50:38:0
GBP=,1.3183,1.3187,1.3183,10210.0,2016-08-02,1:50:38:0
GBP=,1.3183,1.3187,1.3183,10211.0,2016-08-02,1:50:39:0
GBP=,1.3181,1.3188,1.3181,10212.0,2016-08-02,1:50:39:0
GBP=,1.3182,1.3186,1.3182,10213.0,2016-08-02,1:50:40:0
GBP=,1.3182,1.3186,1.3182,10214.0,2016-08-02,1:50:40:0
GBP=,1.3182,1.3186,1.3182,10215.0,2016-08-02,1:50:41:0
GBP=,1.3182,1.3186,1.3182,10216.0,2016-08-02,1:50:41:0
GBP=,1.3182,1.3186,1.3182,10217.0,2016-08-02,1:50:42:0
GBP=,1.3181,1.3187,1.3181,10218.0,2016-08-02,1:50:42:0
GBP=,1.3182,1.3186,1.3182,10219.0,2016-08-02,1:50:45:0
GBP=,1.3181,1.3187,1.3181,10220.0,2016-08-02,1:50:45:0
GBP=,1.3181,1.3187,1.3181,10221.0,2016-08-02,1:50:45:0
GBP=,1.3182,1.3186,1.3182,10222.0,2016-08-02,1:50:48:0
GBP=,1.3181,1.3188,1.3181,10223.0,2016-08-02,1:50:48:0
GBP=,1.3182,1.3187,1.3182,10224.0,2016-08-02,1:50:48:0
GBP=,1.3182,1.3186,1.3182,10225.0,2016-08-02,1:50:48:0
GBP=,1.3182,1.3186,1.3182,10226.0,2016-08-02,1:50:50:0
GBP=,1.3181,1.3188,1.3181,10227.0,2016-08-02,1:50:51:0
GBP=,1.3181,1.3188,1.3181,10228.0,2016-08-02,1:50:54:0
GBP=,1.3182,1.3186,1.3182,10230.0,2016-08-02,1:50:54:0
GBP=,1.3182,1.3186,1.3182,10230.0,2016-08-02,1:50:54:0
GBP=,1.3182,1.3186,1.3182,10231.0,2016-08-02,1:50:57:0
GBP=,1.3181,1.3187,1.3181,10232.0,2016-08-02,1:50:57:0
GBP=,1.3182,1.3187,1.3182,10233.0,2016-08-02,1:50:58:0
GBP=,1.3182,1.3186,1.3182,10234.0,2016-08-02,1:51:0:0
GBP=,1.3181,1.3187,1.3181,10235.0,2016-08-02,1:51:0:0
GBP=,1.3181,1.3187,1.3181,10236.0,2016-08-02,1:51:0:0
GBP=,1.3183,1.3187,1.3183,10237.0,2016-08-02,1:51:1:0
GBP=,1.3182,1.3187,1.3182,10238.0,2016-08-02,1:51:1:0
GBP=,1.3183,1.3185,1.3183,10239.0,2016-08-02,1:51:1:0
GBP=,1.3183,1.3187,1.3183,10240.0,2016-08-02,1:51:2:0
GBP=,1.3183,1.3186,1.3183,10241.0,2016-08-02,1:51:3:0
GBP=,1.3182,1.3188,1.3182,10242.0,2016-08-02,1:51:3:0
GBP=,1.3183,1.3187,1.3183,10243.0,2016-08-02,1:51:4:0
GBP=,1.3183,1.3187,1.3183,10244.0,2016-08-02,1:51:4:0
GBP=,1.3182,1.3188,1.3182,10245.0,2016-08-02,1:51:6:0
GBP=,1.3183,1.3187,1.3183,10246.0,2016-08-02,1:51:9:0
GBP=,1.3182,1.3188,1.3182,10247.0,2016-08-02,1:51:9:0
GBP=,1.3183,1.3187,1.3183,10248.0,2016-08-02,1:51:11:0
GBP=,1.3183,1.3187,1.3183,10249.0,2016-08-02,1:51:12:0
GBP=,1.3182,1.3188,1.3182,10250.0,2016-08-02,1:51:14:0
GBP=,1.3183,1.3187,1.3183,10251.0,2016-08-02,1:51:15:0
GBP=,1.3184,1.3187,1.3184,10252.0,2016-08-02,1:51:15:0
GBP=,1.3182,1.3188,1.3182,10253.0,2016-08-02,1:51:17:0
GBP=,1.3184,1.3187,1.3184,10254.0,2016-08-02,1:51:17:0
GBP=,1.3183,1.3187,1.3183,10255.0,2016-08-02,1:51:19:0
GBP=,1.3183,1.3189,1.3183,10256.0,2016-08-02,1:51:21:0
GBP=,1.3183,1.3187,1.3183,10257.0,2016-08-02,1:51:21:0
GBP=,1.3181,1.3187,1.3181,10258.0,2016-08-02,1:51:23:0
GBP=,1.3183,1.3189,1.3183,10259.0,2016-08-02,1:51:24:0
GBP=,1.3182,1.3187,1.3182,10260.0,2016-08-02,1:51:25:0
GBP=,1.3183,1.3189,1.3183,10261.0,2016-08-02,1:51:26:0
GBP=,1.3184,1.3188,1.3184,10262.0,2016-08-02,1:51:28:0
GBP=,1.3182,1.3189,1.3182,10263.0,2016-08-02,1:51:29:0
GBP=,1.3182,1.3187,1.3182,10264.0,2016-08-02,1:51:30:0
GBP=,1.3182,1.3187,1.3182,10265.0,2016-08-02,1:51:33:0
GBP=,1.3183,1.3187,1.3183,10266.0,2016-08-02,1:51:34:0
GBP=,1.3184,1.3188,1.3184,10267.0,2016-08-02,1:51:37:0
GBP=,1.3183,1.3189,1.3183,10268.0,2016-08-02,1:51:37:0
GBP=,1.3183,1.3187,1.3183,10269.0,2016-08-02,1:51:37:0
GBP=,1.3184,1.3188,1.3184,10270.0,2016-08-02,1:51:39:0
GBP=,1.3184,1.3188,1.3184,10271.0,2016-08-02,1:51:40:0
GBP=,1.3182,1.3188,1.3182,10272.0,2016-08-02,1:51:40:0
GBP=,1.3183,1.3189,1.3183,10273.0,2016-08-02,1:51:40:0
GBP=,1.3183,1.3187,1.3183,10274.0,2016-08-02,1:51:41:0
GBP=,1.3184,1.3188,1.3184,10275.0,2016-08-02,1:51:41:0
GBP=,1.3182,1.3188,1.3182,10276.0,2016-08-02,1:51:41:0
GBP=,1.3184,1.3187,1.3184,10277.0,2016-08-02,1:51:41:0
GBP=,1.3184,1.3189,1.3184,10278.0,2016-08-02,1:51:41:0
GBP=,1.3183,1.3189,1.3183,10279.0,2016-08-02,1:51:41:0
GBP=,1.3183,1.3187,1.3183,10280.0,2016-08-02,1:51:42:0
GBP=,1.3182,1.3188,1.3182,10281.0,2016-08-02,1:51:43:0
GBP=,1.3183,1.3186,1.3183,10282.0,2016-08-02,1:51:45:0
GBP=,1.3182,1.3188,1.3182,10283.0,2016-08-02,1:51:46:0
GBP=,1.3183,1.3187,1.3183,10284.0,2016-08-02,1:51:47:0
GBP=,1.3183,1.3187,1.3183,10285.0,2016-08-02,1:51:48:0
GBP=,1.3182,1.3188,1.3182,10286.0,2016-08-02,1:51:49:0
GBP=,1.3183,1.3187,1.3183,10287.0,2016-08-02,1:51:50:0
GBP=,1.3183,1.3187,1.3183,10288.0,2016-08-02,1:51:50:0
GBP=,1.3183,1.3187,1.3183,10289.0,2016-08-02,1:51:51:0
GBP=,1.3183,1.3187,1.3183,10290.0,2016-08-02,1:51:52:0
GBP=,1.3182,1.3189,1.3182,10291.0,2016-08-02,1:51:52:0
GBP=,1.3184,1.3187,1.3184,10292.0,2016-08-02,1:51:52:0
GBP=,1.3183,1.3187,1.3183,10293.0,2016-08-02,1:51:52:0
GBP=,1.3182,1.3188,1.3182,10294.0,2016-08-02,1:51:55:0
GBP=,1.3183,1.3187,1.3183,10295.0,2016-08-02,1:51:57:0
GBP=,1.3182,1.3188,1.3182,10296.0,2016-08-02,1:51:57:0
GBP=,1.3182,1.3189,1.3182,10297.0,2016-08-02,1:51:58:0
GBP=,1.3182,1.3188,1.3182,10298.0,2016-08-02,1:52:0:0
GBP=,1.3183,1.3189,1.3183,10299.0,2016-08-02,1:52:0:0
GBP=,1.3184,1.3186,1.3184,10300.0,2016-08-02,1:52:1:0
GBP=,1.3183,1.3187,1.3183,10301.0,2016-08-02,1:52:1:0
GBP=,1.3183,1.3189,1.3183,10302.0,2016-08-02,1:52:1:0
GBP=,1.3183,1.3187,1.3183,10303.0,2016-08-02,1:52:1:0
GBP=,1.3183,1.3186,1.3183,10304.0,2016-08-02,1:52:2:0
GBP=,1.3183,1.3187,1.3183,10305.0,2016-08-02,1:52:2:0
GBP=,1.3182,1.3186,1.3182,10306.0,2016-08-02,1:52:4:0
GBP=,1.3181,1.3188,1.3181,10307.0,2016-08-02,1:52:4:0
GBP=,1.3182,1.3186,1.3182,10308.0,2016-08-02,1:52:5:0
GBP=,1.3182,1.3186,1.3182,10309.0,2016-08-02,1:52:5:0
GBP=,1.3184,1.3189,1.3184,10310.0,2016-08-02,1:52:6:0
GBP=,1.3185,1.3188,1.3185,10311.0,2016-08-02,1:52:7:0
GBP=,1.3181,1.3188,1.3181,10312.0,2016-08-02,1:52:7:0
GBP=,1.3182,1.3188,1.3182,10313.0,2016-08-02,1:52:8:0
GBP=,1.3184,1.3187,1.3184,10314.0,2016-08-02,1:52:9:0
GBP=,1.3182,1.3186,1.3182,10315.0,2016-08-02,1:52:10:0
GBP=,1.3182,1.3185,1.3182,10316.0,2016-08-02,1:52:10:0
GBP=,1.3181,1.3188,1.3181,10317.0,2016-08-02,1:52:10:0
GBP=,1.3182,1.3186,1.3182,10318.0,2016-08-02,1:52:11:0
GBP=,1.318,1.3187,1.318,10319.0,2016-08-02,1:52:12:0
GBP=,1.3182,1.3186,1.3182,10320.0,2016-08-02,1:52:12:0
GBP=,1.3182,1.3186,1.3182,10321.0,2016-08-02,1:52:12:0
GBP=,1.3181,1.3188,1.3181,10322.0,2016-08-02,1:52:13:0
GBP=,1.318,1.3187,1.318,10323.0,2016-08-02,1:52:14:0
GBP=,1.3181,1.3186,1.3181,10324.0,2016-08-02,1:52:15:0
GBP=,1.3182,1.3185,1.3182,10325.0,2016-08-02,1:52:15:0
GBP=,1.3182,1.3186,1.3182,10326.0,2016-08-02,1:52:17:0
GBP=,1.3181,1.3187,1.3181,10327.0,2016-08-02,1:52:18:0
GBP=,1.3182,1.3186,1.3182,10328.0,2016-08-02,1:52:19:0
GBP=,1.3183,1.3186,1.3183,10329.0,2016-08-02,1:52:19:0
GBP=,1.3182,1.3186,1.3182,10330.0,2016-08-02,1:52:20:0
GBP=,1.3182,1.3186,1.3182,10331.0,2016-08-02,1:52:20:0
GBP=,1.3181,1.3188,1.3181,10332.0,2016-08-02,1:52:20:0
GBP=,1.3182,1.3186,1.3182,10333.0,2016-08-02,1:52:21:0
GBP=,1.3182,1.3186,1.3182,10334.0,2016-08-02,1:52:21:0
GBP=,1.3182,1.3186,1.3182,10335.0,2016-08-02,1:52:22:0
GBP=,1.3181,1.3188,1.3181,10336.0,2016-08-02,1:52:23:0
GBP=,1.3182,1.3186,1.3182,10337.0,2016-08-02,1:52:26:0
GBP=,1.3181,1.3188,1.3181,10338.0,2016-08-02,1:52:26:0
GBP=,1.3182,1.3186,1.3182,10339.0,2016-08-02,1:52:26:0
GBP=,1.3182,1.3186,1.3182,10340.0,2016-08-02,1:52:29:0
GBP=,1.3181,1.3188,1.3181,10341.0,2016-08-02,1:52:29:0
GBP=,1.3181,1.3187,1.3181,10342.0,2016-08-02,1:52:30:0
GBP=,1.3182,1.3187,1.3182,10343.0,2016-08-02,1:52:31:0
GBP=,1.3182,1.3186,1.3182,10344.0,2016-08-02,1:52:31:0
GBP=,1.3181,1.3188,1.3181,10345.0,2016-08-02,1:52:32:0
GBP=,1.3182,1.3186,1.3182,10346.0,2016-08-02,1:52:32:0
GBP=,1.3183,1.3187,1.3183,10347.0,2016-08-02,1:52:33:0
GBP=,1.3184,1.3187,1.3184,10348.0,2016-08-02,1:52:35:0
GBP=,1.3181,1.3188,1.3181,10349.0,2016-08-02,1:52:35:0
GBP=,1.3183,1.3187,1.3183,10350.0,2016-08-02,1:52:36:0
GBP=,1.3181,1.3188,1.3181,10351.0,2016-08-02,1:52:37:0
GBP=,1.3182,1.3186,1.3182,10352.0,2016-08-02,1:52:37:0
GBP=,1.3182,1.3188,1.3182,10353.0,2016-08-02,1:52:38:0
GBP=,1.3182,1.3186,1.3182,10354.0,2016-08-02,1:52:41:0
GBP=,1.318,1.3188,1.318,10355.0,2016-08-02,1:52:42:0
GBP=,1.3181,1.3188,1.3181,10356.0,2016-08-02,1:52:44:0
GBP=,1.318,1.3188,1.318,10357.0,2016-08-02,1:52:46:0
GBP=,1.3181,1.3188,1.3181,10358.0,2016-08-02,1:52:48:0
GBP=,1.3181,1.3188,1.3181,10359.0,2016-08-02,1:52:53:0
GBP=,1.3182,1.3188,1.3182,10360.0,2016-08-02,1:52:54:0
GBP=,1.3183,1.3187,1.3183,10361.0,2016-08-02,1:52:56:0
GBP=,1.3182,1.3189,1.3182,10362.0,2016-08-02,1:52:58:0
GBP=,1.3183,1.3186,1.3183,10363.0,2016-08-02,1:52:58:0
GBP=,1.3183,1.3187,1.3183,10364.0,2016-08-02,1:52:58:0
GBP=,1.3183,1.3187,1.3183,10365.0,2016-08-02,1:53:0:0
GBP=,1.3182,1.3189,1.3182,10366.0,2016-08-02,1:53:1:0
GBP=,1.3184,1.3187,1.3184,10367.0,2016-08-02,1:53:1:0
GBP=,1.3183,1.3187,1.3183,10368.0,2016-08-02,1:53:1:0
GBP=,1.3184,1.3186,1.3184,10369.0,2016-08-02,1:53:1:0
GBP=,1.3183,1.3187,1.3183,10370.0,2016-08-02,1:53:2:0
GBP=,1.3183,1.3187,1.3183,10371.0,2016-08-02,1:53:4:0
GBP=,1.3182,1.3188,1.3182,10372.0,2016-08-02,1:53:4:0
GBP=,1.3183,1.3187,1.3183,10373.0,2016-08-02,1:53:5:0
GBP=,1.3182,1.3189,1.3182,10374.0,2016-08-02,1:53:7:0
GBP=,1.3182,1.3185,1.3182,10375.0,2016-08-02,1:53:7:0
GBP=,1.3182,1.3185,1.3182,10376.0,2016-08-02,1:53:9:0
GBP=,1.3183,1.3185,1.3183,10377.0,2016-08-02,1:53:9:0
GBP=,1.3182,1.3185,1.3182,10378.0,2016-08-02,1:53:10:0
GBP=,1.3182,1.3188,1.3182,10379.0,2016-08-02,1:53:10:0
GBP=,1.3183,1.3187,1.3183,10380.0,2016-08-02,1:53:11:0
GBP=,1.3183,1.3187,1.3183,10381.0,2016-08-02,1:53:11:0
GBP=,1.3184,1.3187,1.3184,10382.0,2016-08-02,1:53:11:0
GBP=,1.3183,1.3187,1.3183,10383.0,2016-08-02,1:53:12:0
GBP=,1.3183,1.3187,1.3183,10384.0,2016-08-02,1:53:13:0
GBP=,1.3182,1.3188,1.3182,10385.0,2016-08-02,1:53:13:0
GBP=,1.3183,1.3187,1.3183,10386.0,2016-08-02,1:53:14:0
GBP=,1.3182,1.3188,1.3182,10387.0,2016-08-02,1:53:16:0
GBP=,1.3183,1.3187,1.3183,10388.0,2016-08-02,1:53:17:0
GBP=,1.3181,1.3188,1.3181,10389.0,2016-08-02,1:53:18:0
GBP=,1.3183,1.3187,1.3183,10390.0,2016-08-02,1:53:20:0
GBP=,1.3182,1.3189,1.3182,10391.0,2016-08-02,1:53:20:0
GBP=,1.3183,1.3187,1.3183,10392.0,2016-08-02,1:53:21:0
GBP=,1.3184,1.3187,1.3184,10393.0,2016-08-02,1:53:21:0
GBP=,1.3182,1.3188,1.3182,10394.0,2016-08-02,1:53:24:0
GBP=,1.3183,1.3187,1.3183,10395.0,2016-08-02,1:53:24:0
GBP=,1.3183,1.3187,1.3183,10396.0,2016-08-02,1:53:25:0
GBP=,1.3183,1.3187,1.3183,10397.0,2016-08-02,1:53:26:0
GBP=,1.3182,1.3187,1.3182,10398.0,2016-08-02,1:53:30:0
GBP=,1.3182,1.3188,1.3182,10399.0,2016-08-02,1:53:31:0
GBP=,1.3183,1.3187,1.3183,10400.0,2016-08-02,1:53:32:0
GBP=,1.3183,1.3187,1.3183,10401.0,2016-08-02,1:53:33:0
GBP=,1.3184,1.3187,1.3184,10402.0,2016-08-02,1:53:33:0
GBP=,1.3182,1.3189,1.3182,10403.0,2016-08-02,1:53:34:0
GBP=,1.3183,1.3187,1.3183,10404.0,2016-08-02,1:53:34:0
GBP=,1.3183,1.3187,1.3183,10405.0,2016-08-02,1:53:36:0
GBP=,1.3182,1.3188,1.3182,10406.0,2016-08-02,1:53:36:0
GBP=,1.3183,1.3187,1.3183,10407.0,2016-08-02,1:53:38:0
GBP=,1.3183,1.3187,1.3183,10408.0,2016-08-02,1:53:39:0
GBP=,1.3182,1.3188,1.3182,10409.0,2016-08-02,1:53:39:0
GBP=,1.3183,1.3187,1.3183,10410.0,2016-08-02,1:53:41:0
GBP=,1.3182,1.3188,1.3182,10411.0,2016-08-02,1:53:41:0
GBP=,1.3182,1.3189,1.3182,10412.0,2016-08-02,1:53:42:0
GBP=,1.3183,1.3187,1.3183,10413.0,2016-08-02,1:53:42:0
GBP=,1.3183,1.3187,1.3183,10414.0,2016-08-02,1:53:44:0
GBP=,1.3182,1.3188,1.3182,10415.0,2016-08-02,1:53:45:0
GBP=,1.3183,1.3187,1.3183,10416.0,2016-08-02,1:53:45:0
GBP=,1.3183,1.3187,1.3183,10417.0,2016-08-02,1:53:46:0
GBP=,1.3183,1.3188,1.3183,10418.0,2016-08-02,1:53:46:0
GBP=,1.3182,1.3189,1.3182,10419.0,2016-08-02,1:53:48:0
GBP=,1.3183,1.3187,1.3183,10420.0,2016-08-02,1:53:48:0
GBP=,1.3183,1.3187,1.3183,10421.0,2016-08-02,1:53:50:0
GBP=,1.3182,1.3188,1.3182,10422.0,2016-08-02,1:53:51:0
GBP=,1.3183,1.3187,1.3183,10423.0,2016-08-02,1:53:52:0
GBP=,1.3182,1.3189,1.3182,10424.0,2016-08-02,1:53:54:0
GBP=,1.3183,1.3187,1.3183,10425.0,2016-08-02,1:53:54:0
GBP=,1.3183,1.3187,1.3183,10426.0,2016-08-02,1:53:56:0
GBP=,1.3183,1.3187,1.3183,10427.0,2016-08-02,1:53:57:0
GBP=,1.3182,1.3188,1.3182,10428.0,2016-08-02,1:53:57:0
GBP=,1.3183,1.3187,1.3183,10429.0,2016-08-02,1:53:57:0
GBP=,1.3184,1.3187,1.3184,10430.0,2016-08-02,1:53:57:0
GBP=,1.3183,1.3187,1.3183,10431.0,2016-08-02,1:53:58:0
GBP=,1.3182,1.3188,1.3182,10432.0,2016-08-02,1:53:58:0
GBP=,1.3182,1.3189,1.3182,10433.0,2016-08-02,1:54:0:0
GBP=,1.3184,1.3186,1.3184,10434.0,2016-08-02,1:54:1:0
GBP=,1.3183,1.3187,1.3183,10435.0,2016-08-02,1:54:1:0
GBP=,1.3183,1.3187,1.3183,10436.0,2016-08-02,1:54:5:0
GBP=,1.3183,1.3187,1.3183,10437.0,2016-08-02,1:54:5:0
GBP=,1.3181,1.3188,1.3181,10438.0,2016-08-02,1:54:6:0
GBP=,1.3183,1.3187,1.3183,10439.0,2016-08-02,1:54:6:0
GBP=,1.3184,1.3187,1.3184,10440.0,2016-08-02,1:54:6:0
GBP=,1.3183,1.3187,1.3183,10441.0,2016-08-02,1:54:8:0
GBP=,1.3183,1.3187,1.3183,10442.0,2016-08-02,1:54:8:0
GBP=,1.3182,1.3189,1.3182,10443.0,2016-08-02,1:54:9:0
GBP=,1.3183,1.3187,1.3183,10444.0,2016-08-02,1:54:10:0
GBP=,1.3182,1.3189,1.3182,10445.0,2016-08-02,1:54:12:0
GBP=,1.3183,1.3187,1.3183,10446.0,2016-08-02,1:54:12:0
GBP=,1.3183,1.3187,1.3183,10447.0,2016-08-02,1:54:12:0
GBP=,1.3183,1.3187,1.3183,10448.0,2016-08-02,1:54:14:0
GBP=,1.3182,1.3188,1.3182,10449.0,2016-08-02,1:54:14:0
GBP=,1.3184,1.3186,1.3184,10450.0,2016-08-02,1:54:17:0
GBP=,1.3182,1.3188,1.3182,10451.0,2016-08-02,1:54:17:0
GBP=,1.3183,1.3187,1.3183,10452.0,2016-08-02,1:54:18:0
GBP=,1.3182,1.3189,1.3182,10453.0,2016-08-02,1:54:20:0
GBP=,1.3183,1.3187,1.3183,10454.0,2016-08-02,1:54:21:0
GBP=,1.3183,1.3187,1.3183,10455.0,2016-08-02,1:54:22:0
GBP=,1.3184,1.3187,1.3184,10456.0,2016-08-02,1:54:22:0
GBP=,1.3183,1.3187,1.3183,10457.0,2016-08-02,1:54:23:0
GBP=,1.3182,1.3188,1.3182,10458.0,2016-08-02,1:54:23:0
GBP=,1.3183,1.3187,1.3183,10459.0,2016-08-02,1:54:24:0
GBP=,1.3183,1.3187,1.3183,10460.0,2016-08-02,1:54:25:0
GBP=,1.3182,1.3189,1.3182,10461.0,2016-08-02,1:54:26:0
GBP=,1.3183,1.3187,1.3183,10462.0,2016-08-02,1:54:28:0
GBP=,1.3183,1.3187,1.3183,10463.0,2016-08-02,1:54:29:0
GBP=,1.3182,1.3189,1.3182,10464.0,2016-08-02,1:54:29:0
GBP=,1.3181,1.3188,1.3181,10465.0,2016-08-02,1:54:29:0
GBP=,1.3182,1.3189,1.3182,10466.0,2016-08-02,1:54:29:0
GBP=,1.3182,1.3188,1.3182,10467.0,2016-08-02,1:54:30:0
GBP=,1.3183,1.3187,1.3183,10468.0,2016-08-02,1:54:30:0
GBP=,1.3182,1.3188,1.3182,10469.0,2016-08-02,1:54:33:0
GBP=,1.3183,1.3187,1.3183,10470.0,2016-08-02,1:54:33:0
GBP=,1.3183,1.3187,1.3183,10471.0,2016-08-02,1:54:34:0
GBP=,1.3182,1.3188,1.3182,10472.0,2016-08-02,1:54:35:0
GBP=,1.3182,1.3188,1.3182,10473.0,2016-08-02,1:54:38:0
GBP=,1.3183,1.3188,1.3183,10474.0,2016-08-02,1:54:38:0
GBP=,1.3182,1.3188,1.3182,10475.0,2016-08-02,1:54:40:0
GBP=,1.3183,1.3187,1.3183,10476.0,2016-08-02,1:54:40:0
GBP=,1.3183,1.3187,1.3183,10477.0,2016-08-02,1:54:41:0
GBP=,1.3182,1.3188,1.3182,10478.0,2016-08-02,1:54:42:0
GBP=,1.3183,1.3187,1.3183,10479.0,2016-08-02,1:54:44:0
GBP=,1.3182,1.3188,1.3182,10480.0,2016-08-02,1:54:45:0
GBP=,1.3183,1.3187,1.3183,10481.0,2016-08-02,1:54:45:0
GBP=,1.3182,1.3188,1.3182,10482.0,2016-08-02,1:54:48:0
GBP=,1.3183,1.3187,1.3183,10483.0,2016-08-02,1:54:49:0
GBP=,1.3184,1.3187,1.3184,10484.0,2016-08-02,1:54:50:0
GBP=,1.3182,1.3188,1.3182,10485.0,2016-08-02,1:54:51:0
GBP=,1.3182,1.3188,1.3182,10486.0,2016-08-02,1:54:54:0
GBP=,1.3183,1.3187,1.3183,10487.0,2016-08-02,1:55:0:0
GBP=,1.3182,1.3188,1.3182,10488.0,2016-08-02,1:55:1:0
GBP=,1.3183,1.3187,1.3183,10489.0,2016-08-02,1:55:1:0
GBP=,1.3184,1.3186,1.3184,10490.0,2016-08-02,1:55:1:0
GBP=,1.3183,1.3187,1.3183,10491.0,2016-08-02,1:55:2:0
GBP=,1.3184,1.3187,1.3184,10492.0,2016-08-02,1:55:3:0
GBP=,1.3183,1.3187,1.3183,10493.0,2016-08-02,1:55:3:0
GBP=,1.3182,1.3188,1.3182,10494.0,2016-08-02,1:55:18:0
GBP=,1.3183,1.3187,1.3183,10495.0,2016-08-02,1:55:18:0
GBP=,1.3182,1.3188,1.3182,10496.0,2016-08-02,1:55:19:0
GBP=,1.3182,1.3188,1.3182,10497.0,2016-08-02,1:55:20:0
GBP=,1.3183,1.3188,1.3183,10498.0,2016-08-02,1:55:24:0
GBP=,1.3183,1.3188,1.3183,10499.0,2016-08-02,1:55:25:0
GBP=,1.3182,1.3189,1.3182,10500.0,2016-08-02,1:55:27:0
GBP=,1.3182,1.3189,1.3182,10501.0,2016-08-02,1:55:29:0
GBP=,1.3183,1.3189,1.3183,10502.0,2016-08-02,1:55:30:0
GBP=,1.3182,1.3188,1.3182,10503.0,2016-08-02,1:55:30:0
GBP=,1.3182,1.3188,1.3182,10504.0,2016-08-02,1:55:34:0
GBP=,1.3183,1.3188,1.3183,10505.0,2016-08-02,1:55:39:0
GBP=,1.3183,1.3188,1.3183,10506.0,2016-08-02,1:55:41:0
GBP=,1.3184,1.3188,1.3184,10507.0,2016-08-02,1:55:41:0
GBP=,1.3183,1.3189,1.3183,10508.0,2016-08-02,1:55:41:0
GBP=,1.3184,1.3188,1.3184,10509.0,2016-08-02,1:55:43:0
GBP=,1.3183,1.3189,1.3183,10510.0,2016-08-02,1:55:44:0
GBP=,1.3183,1.3187,1.3183,10511.0,2016-08-02,1:55:44:0
GBP=,1.3183,1.3187,1.3183,10512.0,2016-08-02,1:55:45:0
GBP=,1.3182,1.3188,1.3182,10513.0,2016-08-02,1:55:47:0
GBP=,1.3183,1.3188,1.3183,10514.0,2016-08-02,1:55:49:0
GBP=,1.3182,1.3188,1.3182,10515.0,2016-08-02,1:55:49:0
GBP=,1.3183,1.3187,1.3183,10516.0,2016-08-02,1:55:57:0
GBP=,1.3183,1.3187,1.3183,10517.0,2016-08-02,1:55:58:0
GBP=,1.3184,1.3186,1.3184,10518.0,2016-08-02,1:56:1:0
GBP=,1.3182,1.3188,1.3182,10519.0,2016-08-02,1:56:1:0
GBP=,1.3183,1.3186,1.3183,10520.0,2016-08-02,1:56:2:0
GBP=,1.3183,1.3186,1.3183,10521.0,2016-08-02,1:56:6:0
GBP=,1.3182,1.3188,1.3182,10522.0,2016-08-02,1:56:7:0
GBP=,1.3184,1.3186,1.3184,10523.0,2016-08-02,1:56:7:0
GBP=,1.3183,1.3187,1.3183,10524.0,2016-08-02,1:56:7:0
GBP=,1.3181,1.3188,1.3181,10525.0,2016-08-02,1:56:9:0
GBP=,1.3183,1.3187,1.3183,10526.0,2016-08-02,1:56:11:0
GBP=,1.3181,1.3188,1.3181,10527.0,2016-08-02,1:56:13:0
GBP=,1.3183,1.3187,1.3183,10528.0,2016-08-02,1:56:13:0
GBP=,1.3183,1.3187,1.3183,10529.0,2016-08-02,1:56:16:0
GBP=,1.3182,1.3188,1.3182,10530.0,2016-08-02,1:56:16:0
GBP=,1.3183,1.3187,1.3183,10531.0,2016-08-02,1:56:18:0
GBP=,1.3184,1.3187,1.3184,10532.0,2016-08-02,1:56:21:0
GBP=,1.3183,1.3187,1.3183,10533.0,2016-08-02,1:56:22:0
GBP=,1.3182,1.3188,1.3182,10534.0,2016-08-02,1:56:24:0
GBP=,1.3182,1.3188,1.3182,10535.0,2016-08-02,1:56:27:0
GBP=,1.3182,1.3186,1.3182,10536.0,2016-08-02,1:56:27:0
GBP=,1.3182,1.3186,1.3182,10537.0,2016-08-02,1:56:29:0
GBP=,1.3183,1.3186,1.3183,10538.0,2016-08-02,1:56:29:0
GBP=,1.3181,1.3188,1.3181,10539.0,2016-08-02,1:56:30:0
GBP=,1.3181,1.3188,1.3181,10540.0,2016-08-02,1:56:32:0
GBP=,1.3181,1.3188,1.3181,10541.0,2016-08-02,1:56:35:0
GBP=,1.3182,1.3186,1.3182,10542.0,2016-08-02,1:56:37:0
GBP=,1.3181,1.3188,1.3181,10543.0,2016-08-02,1:56:37:0
GBP=,1.3181,1.3188,1.3181,10544.0,2016-08-02,1:56:38:0
GBP=,1.3182,1.3188,1.3182,10545.0,2016-08-02,1:56:40:0
GBP=,1.3181,1.3188,1.3181,10546.0,2016-08-02,1:56:41:0
GBP=,1.3182,1.3186,1.3182,10547.0,2016-08-02,1:56:43:0
GBP=,1.3182,1.3185,1.3182,10548.0,2016-08-02,1:56:43:0
GBP=,1.318,1.3187,1.318,10549.0,2016-08-02,1:56:43:0
GBP=,1.3182,1.3186,1.3182,10550.0,2016-08-02,1:56:43:0
GBP=,1.3182,1.3186,1.3182,10551.0,2016-08-02,1:56:44:0
GBP=,1.3181,1.3187,1.3181,10552.0,2016-08-02,1:56:44:0
GBP=,1.3181,1.3185,1.3181,10553.0,2016-08-02,1:56:45:0
GBP=,1.3182,1.3186,1.3182,10554.0,2016-08-02,1:56:46:0
GBP=,1.318,1.3187,1.318,10555.0,2016-08-02,1:56:47:0
GBP=,1.3181,1.3187,1.3181,10556.0,2016-08-02,1:56:48:0
GBP=,1.3181,1.3185,1.3181,10557.0,2016-08-02,1:56:52:0
GBP=,1.3182,1.3185,1.3182,10558.0,2016-08-02,1:56:53:0
GBP=,1.3181,1.3185,1.3181,10559.0,2016-08-02,1:56:53:0
GBP=,1.318,1.3187,1.318,10560.0,2016-08-02,1:56:54:0
GBP=,1.3182,1.3186,1.3182,10561.0,2016-08-02,1:56:58:0
GBP=,1.3181,1.3187,1.3181,10562.0,2016-08-02,1:56:58:0
GBP=,1.3181,1.3185,1.3181,10563.0,2016-08-02,1:56:59:0
GBP=,1.3181,1.3186,1.3181,10564.0,2016-08-02,1:57:0:0
GBP=,1.3181,1.3185,1.3181,10565.0,2016-08-02,1:57:0:0
GBP=,1.3183,1.3184,1.3183,10566.0,2016-08-02,1:57:1:0
GBP=,1.3181,1.3185,1.3181,10567.0,2016-08-02,1:57:2:0
GBP=,1.3181,1.3185,1.3181,10568.0,2016-08-02,1:57:3:0
GBP=,1.3181,1.3185,1.3181,10569.0,2016-08-02,1:57:4:0
GBP=,1.318,1.3187,1.318,10570.0,2016-08-02,1:57:5:0
GBP=,1.3182,1.3186,1.3182,10571.0,2016-08-02,1:57:5:0
GBP=,1.3181,1.3185,1.3181,10572.0,2016-08-02,1:57:6:0
GBP=,1.3182,1.3186,1.3182,10573.0,2016-08-02,1:57:7:0
GBP=,1.3182,1.3185,1.3182,10574.0,2016-08-02,1:57:7:0
GBP=,1.3182,1.3185,1.3182,10575.0,2016-08-02,1:57:9:0
GBP=,1.3181,1.3185,1.3181,10576.0,2016-08-02,1:57:10:0
GBP=,1.318,1.3187,1.318,10577.0,2016-08-02,1:57:10:0
GBP=,1.3181,1.3185,1.3181,10578.0,2016-08-02,1:57:11:0
GBP=,1.318,1.3187,1.318,10579.0,2016-08-02,1:57:13:0
GBP=,1.3182,1.3186,1.3182,10580.0,2016-08-02,1:57:16:0
GBP=,1.3181,1.3187,1.3181,10581.0,2016-08-02,1:57:16:0
GBP=,1.318,1.3187,1.318,10582.0,2016-08-02,1:57:16:0
GBP=,1.318,1.3187,1.318,10583.0,2016-08-02,1:57:18:0
GBP=,1.3181,1.3185,1.3181,10584.0,2016-08-02,1:57:21:0
GBP=,1.318,1.3185,1.318,10585.0,2016-08-02,1:57:22:0
GBP=,1.3181,1.3185,1.3181,10586.0,2016-08-02,1:57:22:0
GBP=,1.3179,1.3186,1.3179,10587.0,2016-08-02,1:57:22:0
GBP=,1.318,1.3184,1.318,10588.0,2016-08-02,1:57:22:0
GBP=,1.318,1.3184,1.318,10589.0,2016-08-02,1:57:23:0
GBP=,1.3179,1.3186,1.3179,10590.0,2016-08-02,1:57:25:0
GBP=,1.318,1.3184,1.318,10591.0,2016-08-02,1:57:25:0
GBP=,1.318,1.3184,1.318,10592.0,2016-08-02,1:57:25:0
GBP=,1.318,1.3184,1.318,10593.0,2016-08-02,1:57:26:0
GBP=,1.3181,1.3187,1.3181,10594.0,2016-08-02,1:57:27:0
GBP=,1.3182,1.3187,1.3182,10595.0,2016-08-02,1:57:28:0
GBP=,1.318,1.3187,1.318,10596.0,2016-08-02,1:57:30:0
GBP=,1.318,1.3186,1.318,10597.0,2016-08-02,1:57:30:0
GBP=,1.318,1.3184,1.318,10598.0,2016-08-02,1:57:32:0
GBP=,1.318,1.3184,1.318,10599.0,2016-08-02,1:57:33:0
GBP=,1.3179,1.3186,1.3179,10600.0,2016-08-02,1:57:33:0
GBP=,1.318,1.3184,1.318,10601.0,2016-08-02,1:57:34:0
GBP=,1.3181,1.3184,1.3181,10602.0,2016-08-02,1:57:37:0
GBP=,1.3181,1.3184,1.3181,10603.0,2016-08-02,1:57:41:0
GBP=,1.3178,1.3186,1.3178,10604.0,2016-08-02,1:57:44:0
GBP=,1.3179,1.3186,1.3179,10605.0,2016-08-02,1:57:45:0
GBP=,1.3179,1.3186,1.3179,10606.0,2016-08-02,1:57:47:0
GBP=,1.3179,1.3182,1.3179,10607.0,2016-08-02,1:57:48:0
GBP=,1.318,1.3184,1.318,10608.0,2016-08-02,1:57:48:0
GBP=,1.3179,1.3186,1.3179,10609.0,2016-08-02,1:57:50:0
GBP=,1.3179,1.3185,1.3179,10610.0,2016-08-02,1:57:50:0
GBP=,1.3179,1.3183,1.3179,10611.0,2016-08-02,1:57:52:0
GBP=,1.318,1.3184,1.318,10612.0,2016-08-02,1:57:52:0
GBP=,1.318,1.3184,1.318,10613.0,2016-08-02,1:57:53:0
GBP=,1.3181,1.3184,1.3181,10614.0,2016-08-02,1:57:56:0
GBP=,1.318,1.3184,1.318,10615.0,2016-08-02,1:57:57:0
GBP=,1.318,1.3184,1.318,10616.0,2016-08-02,1:57:58:0
GBP=,1.3179,1.3186,1.3179,10617.0,2016-08-02,1:57:58:0
GBP=,1.318,1.3184,1.318,10618.0,2016-08-02,1:57:59:0
GBP=,1.318,1.3184,1.318,10619.0,2016-08-02,1:57:59:0
GBP=,1.3178,1.3184,1.3178,10620.0,2016-08-02,1:58:0:0
GBP=,1.3181,1.3183,1.3181,10621.0,2016-08-02,1:58:1:0
GBP=,1.3179,1.3186,1.3179,10622.0,2016-08-02,1:58:1:0
GBP=,1.3181,1.3185,1.3181,10623.0,2016-08-02,1:58:2:0
GBP=,1.3181,1.3185,1.3181,10624.0,2016-08-02,1:58:3:0
GBP=,1.3181,1.3185,1.3181,10625.0,2016-08-02,1:58:4:0
GBP=,1.318,1.3186,1.318,10626.0,2016-08-02,1:58:4:0
GBP=,1.3181,1.3185,1.3181,10627.0,2016-08-02,1:58:6:0
GBP=,1.318,1.3184,1.318,10628.0,2016-08-02,1:58:7:0
GBP=,1.3181,1.3185,1.3181,10629.0,2016-08-02,1:58:7:0
GBP=,1.318,1.3186,1.318,10630.0,2016-08-02,1:58:7:0
GBP=,1.318,1.3185,1.318,10631.0,2016-08-02,1:58:8:0
GBP=,1.3181,1.3185,1.3181,10632.0,2016-08-02,1:58:8:0
GBP=,1.3182,1.3185,1.3182,10633.0,2016-08-02,1:58:9:0
GBP=,1.3181,1.3185,1.3181,10634.0,2016-08-02,1:58:9:0
GBP=,1.318,1.3187,1.318,10635.0,2016-08-02,1:58:10:0
GBP=,1.3182,1.3185,1.3182,10636.0,2016-08-02,1:58:10:0
GBP=,1.3182,1.3186,1.3182,10637.0,2016-08-02,1:58:12:0
GBP=,1.3182,1.3186,1.3182,10638.0,2016-08-02,1:58:12:0
GBP=,1.3181,1.3188,1.3181,10639.0,2016-08-02,1:58:13:0
GBP=,1.3182,1.3186,1.3182,10640.0,2016-08-02,1:58:13:0
GBP=,1.318,1.3188,1.318,10641.0,2016-08-02,1:58:14:0
GBP=,1.3182,1.3186,1.3182,10642.0,2016-08-02,1:58:14:0
GBP=,1.3182,1.3186,1.3182,10643.0,2016-08-02,1:58:14:0
GBP=,1.3181,1.3188,1.3181,10644.0,2016-08-02,1:58:16:0
GBP=,1.3183,1.3186,1.3183,10645.0,2016-08-02,1:58:19:0
GBP=,1.3181,1.3186,1.3181,10646.0,2016-08-02,1:58:19:0
GBP=,1.3181,1.3188,1.3181,10647.0,2016-08-02,1:58:19:0
GBP=,1.3178,1.3186,1.3178,10648.0,2016-08-02,1:58:19:0
GBP=,1.3181,1.3184,1.3181,10649.0,2016-08-02,1:58:21:0
GBP=,1.3179,1.3186,1.3179,10650.0,2016-08-02,1:58:21:0
GBP=,1.3178,1.3186,1.3178,10651.0,2016-08-02,1:58:22:0
GBP=,1.3182,1.3186,1.3182,10652.0,2016-08-02,1:58:22:0
GBP=,1.3181,1.3188,1.3181,10653.0,2016-08-02,1:58:22:0
GBP=,1.3183,1.3186,1.3183,10654.0,2016-08-02,1:58:23:0
GBP=,1.3182,1.3186,1.3182,10655.0,2016-08-02,1:58:23:0
GBP=,1.3182,1.3186,1.3182,10656.0,2016-08-02,1:58:24:0
GBP=,1.3181,1.3187,1.3181,10657.0,2016-08-02,1:58:24:0
GBP=,1.3181,1.3188,1.3181,10658.0,2016-08-02,1:58:25:0
GBP=,1.3182,1.3186,1.3182,10659.0,2016-08-02,1:58:26:0
GBP=,1.3182,1.3186,1.3182,10660.0,2016-08-02,1:58:27:0
GBP=,1.3181,1.3187,1.3181,10661.0,2016-08-02,1:58:28:0
GBP=,1.3181,1.3185,1.3181,10662.0,2016-08-02,1:58:29:0
GBP=,1.3182,1.3186,1.3182,10663.0,2016-08-02,1:58:29:0
GBP=,1.3182,1.3186,1.3182,10664.0,2016-08-02,1:58:29:0
GBP=,1.3181,1.3187,1.3181,10665.0,2016-08-02,1:58:30:0
GBP=,1.3182,1.3186,1.3182,10666.0,2016-08-02,1:58:30:0
GBP=,1.3181,1.3188,1.3181,10667.0,2016-08-02,1:58:31:0
GBP=,1.3183,1.3186,1.3183,10668.0,2016-08-02,1:58:32:0
GBP=,1.3183,1.3186,1.3183,10669.0,2016-08-02,1:58:37:0
GBP=,1.3182,1.3186,1.3182,10670.0,2016-08-02,1:58:37:0
GBP=,1.3181,1.3187,1.3181,10671.0,2016-08-02,1:58:39:0
GBP=,1.3181,1.3188,1.3181,10672.0,2016-08-02,1:58:41:0
GBP=,1.3182,1.3187,1.3182,10673.0,2016-08-02,1:58:41:0
GBP=,1.3179,1.3187,1.3179,10674.0,2016-08-02,1:58:44:0
GBP=,1.3181,1.3187,1.3181,10675.0,2016-08-02,1:58:44:0
GBP=,1.3182,1.3186,1.3182,10676.0,2016-08-02,1:58:44:0
GBP=,1.3182,1.3186,1.3182,10677.0,2016-08-02,1:58:45:0
GBP=,1.3181,1.3187,1.3181,10678.0,2016-08-02,1:58:46:0
GBP=,1.3181,1.3188,1.3181,10679.0,2016-08-02,1:58:47:0
GBP=,1.3182,1.3188,1.3182,10680.0,2016-08-02,1:58:49:0
GBP=,1.3182,1.3186,1.3182,10681.0,2016-08-02,1:58:49:0
GBP=,1.3181,1.3188,1.3181,10682.0,2016-08-02,1:58:50:0
GBP=,1.3181,1.3185,1.3181,10683.0,2016-08-02,1:58:52:0
GBP=,1.3181,1.3188,1.3181,10684.0,2016-08-02,1:58:53:0
GBP=,1.3181,1.3187,1.3181,10685.0,2016-08-02,1:58:53:0
GBP=,1.3181,1.3188,1.3181,10686.0,2016-08-02,1:58:56:0
GBP=,1.3181,1.3187,1.3181,10687.0,2016-08-02,1:58:59:0
GBP=,1.3182,1.3186,1.3182,10688.0,2016-08-02,1:59:0:0
