Symbol,Bid,Ask,Last,Volume,Date,Time
GBPJPY=,134.99,135.01,134.99,5119.0,2016-08-02,1:19:56:0
GBPJPY=,134.98,135.03,134.98,5120.0,2016-08-02,1:19:57:0
GBPJPY=,134.97,135.02,134.97,5121.0,2016-08-02,1:19:58:0
GBPJPY=,134.97,135.09,134.97,5122.0,2016-08-02,1:20:0:0
GBPJPY=,134.97,135.02,134.97,5123.0,2016-08-02,1:20:1:0
GBPJPY=,134.97,135.02,134.97,5124.0,2016-08-02,1:20:5:0
GBPJPY=,134.98,135.03,134.98,5125.0,2016-08-02,1:20:18:0
GBPJPY=,134.97,135.02,134.97,5126.0,2016-08-02,1:20:19:0
GBPJPY=,134.99,135.04,134.99,5127.0,2016-08-02,1:20:20:0
GBPJPY=,134.99,135.04,134.99,5128.0,2016-08-02,1:20:21:0
GBPJPY=,135.01,135.03,135.01,5129.0,2016-08-02,1:20:22:0
GBPJPY=,135.0,135.03,135.0,5130.0,2016-08-02,1:20:24:0
GBPJPY=,134.99,135.04,134.99,5131.0,2016-08-02,1:20:25:0
GBPJPY=,135.01,135.03,135.01,5132.0,2016-08-02,1:20:27:0
GBPJPY=,135.0,135.05,135.0,5133.0,2016-08-02,1:20:29:0
GBPJPY=,135.02,135.04,135.02,5134.0,2016-08-02,1:20:30:0
GBPJPY=,135.0,135.05,135.0,5135.0,2016-08-02,1:20:33:0
GBPJPY=,135.01,135.04,135.01,5136.0,2016-08-02,1:20:36:0
GBPJPY=,135.0,135.05,135.0,5137.0,2016-08-02,1:20:37:0
GBPJPY=,135.02,135.05,135.02,5138.0,2016-08-02,1:20:40:0
GBPJPY=,135.02,135.07,135.02,5139.0,2016-08-02,1:20:41:0
GBPJPY=,135.03,135.05,135.03,5140.0,2016-08-02,1:20:42:0
GBPJPY=,135.02,135.07,135.02,5141.0,2016-08-02,1:20:45:0
GBPJPY=,134.96,135.1,134.96,5142.0,2016-08-02,1:20:45:0
GBPJPY=,135.03,135.06,135.03,5143.0,2016-08-02,1:20:48:0
GBPJPY=,135.02,135.07,135.02,5144.0,2016-08-02,1:20:49:0
GBPJPY=,135.05,135.08,135.05,5145.0,2016-08-02,1:20:52:0
GBPJPY=,135.05,135.1,135.05,5146.0,2016-08-02,1:20:53:0
GBPJPY=,135.04,135.09,135.04,5147.0,2016-08-02,1:20:57:0
GBPJPY=,135.07,135.1,135.07,5148.0,2016-08-02,1:20:58:0
GBPJPY=,135.01,135.15,135.01,5149.0,2016-08-02,1:21:0:0
GBPJPY=,135.06,135.11,135.06,5150.0,2016-08-02,1:21:1:0
GBPJPY=,135.08,135.11,135.08,5151.0,2016-08-02,1:21:2:0
GBPJPY=,135.08,135.13,135.08,5152.0,2016-08-02,1:21:5:0
GBPJPY=,135.09,135.12,135.09,5153.0,2016-08-02,1:21:5:0
GBPJPY=,135.09,135.11,135.09,5154.0,2016-08-02,1:21:8:0
GBPJPY=,135.08,135.13,135.08,5155.0,2016-08-02,1:21:9:0
GBPJPY=,135.08,135.11,135.08,5156.0,2016-08-02,1:21:11:0
GBPJPY=,135.08,135.13,135.08,5157.0,2016-08-02,1:21:13:0
GBPJPY=,135.02,135.16,135.02,5158.0,2016-08-02,1:21:15:0
GBPJPY=,135.07,135.12,135.07,5159.0,2016-08-02,1:21:17:0
GBPJPY=,135.07,135.1,135.07,5160.0,2016-08-02,1:21:21:0
GBPJPY=,135.07,135.12,135.07,5161.0,2016-08-02,1:21:21:0
GBPJPY=,135.08,135.11,135.08,5162.0,2016-08-02,1:21:23:0
GBPJPY=,135.07,135.12,135.07,5163.0,2016-08-02,1:21:25:0
GBPJPY=,135.07,135.12,135.07,5164.0,2016-08-02,1:21:29:0
GBPJPY=,135.07,135.2,135.07,5165.0,2016-08-02,1:21:30:0
GBPJPY=,135.07,135.12,135.07,5166.0,2016-08-02,1:21:33:0
GBPJPY=,135.07,135.12,135.07,5167.0,2016-08-02,1:21:37:0
GBPJPY=,135.07,135.12,135.07,5168.0,2016-08-02,1:21:43:0
GBPJPY=,135.07,135.12,135.07,5169.0,2016-08-02,1:21:45:0
GBPJPY=,135.03,135.17,135.03,5170.0,2016-08-02,1:21:45:0
GBPJPY=,135.07,135.1,135.07,5171.0,2016-08-02,1:21:48:0
GBPJPY=,135.06,135.11,135.06,5172.0,2016-08-02,1:21:50:0
GBPJPY=,135.06,135.11,135.06,5173.0,2016-08-02,1:21:54:0
GBPJPY=,135.06,135.11,135.06,5174.0,2016-08-02,1:21:57:0
GBPJPY=,135.08,135.11,135.08,5175.0,2016-08-02,1:21:58:0
GBPJPY=,135.02,135.19,135.02,5176.0,2016-08-02,1:22:0:0
GBPJPY=,135.07,135.1,135.07,5177.0,2016-08-02,1:22:0:0
GBPJPY=,135.06,135.11,135.06,5178.0,2016-08-02,1:22:1:0
GBPJPY=,135.07,135.09,135.07,5179.0,2016-08-02,1:22:3:0
GBPJPY=,135.05,135.1,135.05,5180.0,2016-08-02,1:22:5:0
GBPJPY=,135.06,135.08,135.06,5181.0,2016-08-02,1:22:6:0
GBPJPY=,135.05,135.1,135.05,5182.0,2016-08-02,1:22:9:0
GBPJPY=,135.05,135.08,135.05,5183.0,2016-08-02,1:22:9:0
GBPJPY=,135.07,135.1,135.07,5184.0,2016-08-02,1:22:12:0
GBPJPY=,135.06,135.11,135.06,5185.0,2016-08-02,1:22:13:0
GBPJPY=,135.06,135.1,135.06,5186.0,2016-08-02,1:22:15:0
GBPJPY=,135.05,135.1,135.05,5187.0,2016-08-02,1:22:17:0
GBPJPY=,135.0,135.14,135.0,5188.0,2016-08-02,1:22:17:0
GBPJPY=,135.06,135.09,135.06,5189.0,2016-08-02,1:22:18:0
GBPJPY=,135.06,135.11,135.06,5190.0,2016-08-02,1:22:21:0
GBPJPY=,135.07,135.09,135.07,5191.0,2016-08-02,1:22:21:0
GBPJPY=,135.07,135.1,135.07,5192.0,2016-08-02,1:22:24:0
GBPJPY=,135.06,135.11,135.06,5193.0,2016-08-02,1:22:26:0
GBPJPY=,135.06,135.09,135.06,5194.0,2016-08-02,1:22:27:0
GBPJPY=,135.01,135.18,135.01,5195.0,2016-08-02,1:22:30:0
GBPJPY=,135.06,135.11,135.06,5196.0,2016-08-02,1:22:33:0
GBPJPY=,135.07,135.09,135.07,5197.0,2016-08-02,1:22:34:0
GBPJPY=,135.05,135.1,135.05,5198.0,2016-08-02,1:22:37:0
GBPJPY=,135.06,135.09,135.06,5199.0,2016-08-02,1:22:37:0
GBPJPY=,135.05,135.1,135.05,5200.0,2016-08-02,1:22:38:0
GBPJPY=,135.05,135.08,135.05,5201.0,2016-08-02,1:22:40:0
GBPJPY=,135.04,135.09,135.04,5202.0,2016-08-02,1:22:41:0
GBPJPY=,135.04,135.07,135.04,5203.0,2016-08-02,1:22:43:0
GBPJPY=,135.03,135.08,135.03,5204.0,2016-08-02,1:22:45:0
GBPJPY=,134.99,135.13,134.99,5205.0,2016-08-02,1:22:47:0
GBPJPY=,135.04,135.09,135.04,5206.0,2016-08-02,1:22:51:0
GBPJPY=,135.03,135.08,135.03,5207.0,2016-08-02,1:22:54:0
GBPJPY=,135.03,135.08,135.03,5208.0,2016-08-02,1:22:57:0
GBPJPY=,135.04,135.06,135.04,5209.0,2016-08-02,1:22:57:0
GBPJPY=,135.04,135.18,135.04,5210.0,2016-08-02,1:23:0:0
GBPJPY=,135.02,135.05,135.02,5211.0,2016-08-02,1:23:0:0
GBPJPY=,135.02,135.07,135.02,5212.0,2016-08-02,1:23:1:0
GBPJPY=,135.03,135.06,135.03,5213.0,2016-08-02,1:23:3:0
GBPJPY=,135.03,135.08,135.03,5214.0,2016-08-02,1:23:5:0
GBPJPY=,135.04,135.06,135.04,5215.0,2016-08-02,1:23:6:0
GBPJPY=,135.04,135.07,135.04,5216.0,2016-08-02,1:23:9:0
GBPJPY=,135.04,135.09,135.04,5217.0,2016-08-02,1:23:10:0
GBPJPY=,135.05,135.08,135.05,5218.0,2016-08-02,1:23:12:0
GBPJPY=,135.04,135.09,135.04,5219.0,2016-08-02,1:23:13:0
GBPJPY=,135.05,135.07,135.05,5220.0,2016-08-02,1:23:15:0
GBPJPY=,135.04,135.09,135.04,5221.0,2016-08-02,1:23:18:0
GBPJPY=,135.04,135.07,135.04,5222.0,2016-08-02,1:23:18:0
GBPJPY=,135.04,135.09,135.04,5223.0,2016-08-02,1:23:21:0
GBPJPY=,135.05,135.07,135.05,5224.0,2016-08-02,1:23:22:0
GBPJPY=,135.06,135.08,135.06,5225.0,2016-08-02,1:23:25:0
GBPJPY=,135.05,135.1,135.05,5226.0,2016-08-02,1:23:25:0
GBPJPY=,135.05,135.08,135.05,5227.0,2016-08-02,1:23:28:0
GBPJPY=,135.04,135.09,135.04,5228.0,2016-08-02,1:23:29:0
GBPJPY=,135.0,135.16,135.0,5229.0,2016-08-02,1:23:30:0
GBPJPY=,135.05,135.07,135.05,5230.0,2016-08-02,1:23:31:0
GBPJPY=,135.03,135.08,135.03,5231.0,2016-08-02,1:23:33:0
GBPJPY=,135.04,135.07,135.04,5232.0,2016-08-02,1:23:34:0
GBPJPY=,135.05,135.08,135.05,5233.0,2016-08-02,1:23:37:0
GBPJPY=,135.04,135.09,135.04,5234.0,2016-08-02,1:23:37:0
GBPJPY=,135.04,135.09,135.04,5235.0,2016-08-02,1:23:44:0
GBPJPY=,135.0,135.14,135.0,5236.0,2016-08-02,1:23:47:0
GBPJPY=,135.05,135.07,135.05,5237.0,2016-08-02,1:23:50:0
GBPJPY=,135.04,135.09,135.04,5238.0,2016-08-02,1:23:50:0
GBPJPY=,135.04,135.09,135.04,5239.0,2016-08-02,1:23:51:0
GBPJPY=,135.03,135.06,135.03,5240.0,2016-08-02,1:23:52:0
GBPJPY=,135.03,135.08,135.03,5241.0,2016-08-02,1:23:53:0
GBPJPY=,135.04,135.07,135.04,5242.0,2016-08-02,1:23:55:0
GBPJPY=,135.03,135.08,135.03,5243.0,2016-08-02,1:23:57:0
GBPJPY=,135.02,135.16,135.02,5244.0,2016-08-02,1:24:0:0
GBPJPY=,135.04,135.06,135.04,5245.0,2016-08-02,1:24:3:0
GBPJPY=,135.03,135.08,135.03,5246.0,2016-08-02,1:24:3:0
GBPJPY=,135.02,135.07,135.02,5247.0,2016-08-02,1:24:5:0
GBPJPY=,135.03,135.06,135.03,5248.0,2016-08-02,1:24:5:0
GBPJPY=,135.02,135.07,135.02,5249.0,2016-08-02,1:24:9:0
GBPJPY=,135.03,135.08,135.03,5250.0,2016-08-02,1:24:13:0
GBPJPY=,135.03,135.08,135.03,5251.0,2016-08-02,1:24:17:0
GBPJPY=,134.97,135.11,134.97,5252.0,2016-08-02,1:24:17:0
GBPJPY=,135.02,135.07,135.02,5253.0,2016-08-02,1:24:21:0
GBPJPY=,135.03,135.05,135.03,5254.0,2016-08-02,1:24:21:0
GBPJPY=,135.03,135.06,135.03,5255.0,2016-08-02,1:24:24:0
GBPJPY=,135.03,135.08,135.03,5256.0,2016-08-02,1:24:25:0
GBPJPY=,135.04,135.06,135.04,5257.0,2016-08-02,1:24:27:0
GBPJPY=,135.03,135.08,135.03,5258.0,2016-08-02,1:24:29:0
GBPJPY=,134.99,135.13,134.99,5259.0,2016-08-02,1:24:30:0
GBPJPY=,135.03,135.06,135.03,5260.0,2016-08-02,1:24:30:0
GBPJPY=,135.03,135.06,135.03,5261.0,2016-08-02,1:24:33:0
GBPJPY=,135.04,135.06,135.04,5262.0,2016-08-02,1:24:36:0
GBPJPY=,135.03,135.08,135.03,5263.0,2016-08-02,1:24:37:0
GBPJPY=,135.03,135.08,135.03,5264.0,2016-08-02,1:24:38:0
GBPJPY=,135.03,135.08,135.03,5265.0,2016-08-02,1:24:41:0
GBPJPY=,135.04,135.07,135.04,5266.0,2016-08-02,1:24:41:0
GBPJPY=,135.02,135.07,135.02,5267.0,2016-08-02,1:24:45:0
GBPJPY=,135.03,135.06,135.03,5268.0,2016-08-02,1:24:45:0
GBPJPY=,135.02,135.07,135.02,5269.0,2016-08-02,1:24:49:0
GBPJPY=,135.02,135.07,135.02,5270.0,2016-08-02,1:24:53:0
GBPJPY=,134.99,135.15,134.99,5271.0,2016-08-02,1:25:0:0
GBPJPY=,135.02,135.07,135.02,5272.0,2016-08-02,1:25:1:0
GBPJPY=,135.02,135.07,135.02,5273.0,2016-08-02,1:25:10:0
GBPJPY=,135.02,135.07,135.02,5274.0,2016-08-02,1:25:30:0
GBPJPY=,135.03,135.08,135.03,5275.0,2016-08-02,1:25:32:0
GBPJPY=,134.98,135.12,134.98,5276.0,2016-08-02,1:25:33:0
GBPJPY=,135.03,135.08,135.03,5277.0,2016-08-02,1:25:33:0
GBPJPY=,135.03,135.07,135.03,5278.0,2016-08-02,1:25:37:0
GBPJPY=,135.04,135.07,135.04,5279.0,2016-08-02,1:25:39:0
GBPJPY=,135.04,135.06,135.04,5280.0,2016-08-02,1:25:48:0
GBPJPY=,135.03,135.06,135.03,5281.0,2016-08-02,1:25:51:0
GBPJPY=,135.02,135.07,135.02,5282.0,2016-08-02,1:25:54:0
GBPJPY=,135.01,135.06,135.01,5283.0,2016-08-02,1:25:55:0
GBPJPY=,135.02,135.05,135.02,5284.0,2016-08-02,1:25:56:0
GBPJPY=,135.02,135.07,135.02,5285.0,2016-08-02,1:25:56:0
GBPJPY=,135.0,135.14,135.0,5286.0,2016-08-02,1:26:0:0
GBPJPY=,135.02,135.07,135.02,5287.0,2016-08-02,1:26:0:0
GBPJPY=,135.02,135.07,135.02,5288.0,2016-08-02,1:26:1:0
GBPJPY=,135.03,135.05,135.03,5289.0,2016-08-02,1:26:1:0
GBPJPY=,135.02,135.07,135.02,5290.0,2016-08-02,1:26:2:0
GBPJPY=,135.03,135.08,135.03,5291.0,2016-08-02,1:26:3:0
GBPJPY=,135.04,135.07,135.04,5292.0,2016-08-02,1:26:4:0
GBPJPY=,135.03,135.08,135.03,5293.0,2016-08-02,1:26:8:0
GBPJPY=,135.04,135.09,135.04,5294.0,2016-08-02,1:26:11:0
GBPJPY=,135.04,135.09,135.04,5295.0,2016-08-02,1:26:12:0
GBPJPY=,135.05,135.08,135.05,5296.0,2016-08-02,1:26:13:0
GBPJPY=,135.05,135.07,135.05,5297.0,2016-08-02,1:26:21:0
GBPJPY=,135.04,135.09,135.04,5298.0,2016-08-02,1:26:21:0
GBPJPY=,135.03,135.08,135.03,5299.0,2016-08-02,1:26:21:0
GBPJPY=,135.04,135.09,135.04,5300.0,2016-08-02,1:26:22:0
GBPJPY=,135.04,135.09,135.04,5301.0,2016-08-02,1:26:28:0
GBPJPY=,135.01,135.16,135.01,5302.0,2016-08-02,1:26:30:0
GBPJPY=,135.03,135.08,135.03,5303.0,2016-08-02,1:26:31:0
GBPJPY=,135.04,135.09,135.04,5304.0,2016-08-02,1:26:31:0
GBPJPY=,135.04,135.07,135.04,5305.0,2016-08-02,1:26:36:0
GBPJPY=,135.03,135.08,135.03,5306.0,2016-08-02,1:26:37:0
GBPJPY=,135.04,135.09,135.04,5307.0,2016-08-02,1:26:41:0
GBPJPY=,135.04,135.09,135.04,5308.0,2016-08-02,1:26:42:0
GBPJPY=,135.03,135.08,135.03,5309.0,2016-08-02,1:26:46:0
GBPJPY=,135.03,135.08,135.03,5310.0,2016-08-02,1:26:49:0
GBPJPY=,135.04,135.06,135.04,5311.0,2016-08-02,1:26:54:0
GBPJPY=,135.03,135.08,135.03,5312.0,2016-08-02,1:26:54:0
GBPJPY=,135.03,135.08,135.03,5313.0,2016-08-02,1:26:58:0
GBPJPY=,135.01,135.15,135.01,5314.0,2016-08-02,1:27:0:0
GBPJPY=,135.04,135.07,135.04,5315.0,2016-08-02,1:27:0:0
GBPJPY=,135.03,135.08,135.03,5316.0,2016-08-02,1:27:1:0
GBPJPY=,135.03,135.08,135.03,5317.0,2016-08-02,1:27:6:0
GBPJPY=,135.02,135.07,135.02,5318.0,2016-08-02,1:27:8:0
GBPJPY=,135.03,135.06,135.03,5319.0,2016-08-02,1:27:10:0
GBPJPY=,135.03,135.08,135.03,5320.0,2016-08-02,1:27:11:0
GBPJPY=,134.97,135.11,134.97,5321.0,2016-08-02,1:27:12:0
GBPJPY=,135.03,135.08,135.03,5322.0,2016-08-02,1:27:12:0
GBPJPY=,135.04,135.07,135.04,5323.0,2016-08-02,1:27:14:0
GBPJPY=,135.02,135.07,135.02,5324.0,2016-08-02,1:27:14:0
GBPJPY=,135.02,135.07,135.02,5325.0,2016-08-02,1:27:15:0
GBPJPY=,135.03,135.06,135.03,5326.0,2016-08-02,1:27:16:0
GBPJPY=,135.02,135.07,135.02,5327.0,2016-08-02,1:27:27:0
GBPJPY=,135.02,135.07,135.02,5328.0,2016-08-02,1:27:28:0
GBPJPY=,135.02,135.05,135.02,5329.0,2016-08-02,1:27:29:0
GBPJPY=,135.01,135.06,135.01,5330.0,2016-08-02,1:27:29:0
GBPJPY=,134.99,135.15,134.99,5331.0,2016-08-02,1:27:30:0
GBPJPY=,135.02,135.07,135.02,5332.0,2016-08-02,1:27:31:0
GBPJPY=,135.03,135.08,135.03,5333.0,2016-08-02,1:27:33:0
GBPJPY=,135.03,135.06,135.03,5334.0,2016-08-02,1:27:34:0
GBPJPY=,135.03,135.08,135.03,5335.0,2016-08-02,1:27:40:0
GBPJPY=,135.04,135.07,135.04,5336.0,2016-08-02,1:27:42:0
GBPJPY=,134.98,135.12,134.98,5337.0,2016-08-02,1:27:43:0
GBPJPY=,135.04,135.06,135.04,5338.0,2016-08-02,1:27:44:0
GBPJPY=,135.03,135.06,135.03,5339.0,2016-08-02,1:27:47:0
GBPJPY=,135.03,135.08,135.03,5340.0,2016-08-02,1:27:52:0
GBPJPY=,135.04,135.06,135.04,5341.0,2016-08-02,1:27:52:0
GBPJPY=,135.02,135.07,135.02,5342.0,2016-08-02,1:27:53:0
GBPJPY=,135.02,135.07,135.02,5343.0,2016-08-02,1:27:54:0
GBPJPY=,135.03,135.05,135.03,5344.0,2016-08-02,1:27:54:0
GBPJPY=,135.02,135.05,135.02,5345.0,2016-08-02,1:27:57:0
GBPJPY=,135.01,135.06,135.01,5346.0,2016-08-02,1:27:59:0
GBPJPY=,135.01,135.06,135.01,5347.0,2016-08-02,1:28:0:0
GBPJPY=,135.0,135.15,135.0,5348.0,2016-08-02,1:28:0:0
GBPJPY=,135.01,135.04,135.01,5349.0,2016-08-02,1:28:0:0
GBPJPY=,135.01,135.06,135.01,5350.0,2016-08-02,1:28:1:0
GBPJPY=,135.02,135.04,135.02,5351.0,2016-08-02,1:28:3:0
GBPJPY=,135.01,135.06,135.01,5352.0,2016-08-02,1:28:5:0
GBPJPY=,135.01,135.04,135.01,5353.0,2016-08-02,1:28:6:0
GBPJPY=,134.96,135.1,134.96,5354.0,2016-08-02,1:28:13:0
GBPJPY=,135.02,135.04,135.02,5355.0,2016-08-02,1:28:14:0
GBPJPY=,135.01,135.06,135.01,5356.0,2016-08-02,1:28:14:0
GBPJPY=,135.0,135.05,135.0,5357.0,2016-08-02,1:28:15:0
GBPJPY=,135.01,135.04,135.01,5358.0,2016-08-02,1:28:16:0
GBPJPY=,135.0,135.05,135.0,5359.0,2016-08-02,1:28:17:0
GBPJPY=,135.0,135.03,135.0,5360.0,2016-08-02,1:28:19:0
GBPJPY=,134.99,135.04,134.99,5361.0,2016-08-02,1:28:21:0
GBPJPY=,135.0,135.05,135.0,5362.0,2016-08-02,1:28:25:0
GBPJPY=,135.01,135.04,135.01,5363.0,2016-08-02,1:28:26:0
GBPJPY=,134.97,135.12,134.97,5364.0,2016-08-02,1:28:30:0
GBPJPY=,135.0,135.05,135.0,5365.0,2016-08-02,1:28:34:0
GBPJPY=,134.95,135.09,134.95,5366.0,2016-08-02,1:28:43:0
GBPJPY=,135.02,135.05,135.02,5367.0,2016-08-02,1:28:49:0
GBPJPY=,135.0,135.05,135.0,5368.0,2016-08-02,1:28:49:0
GBPJPY=,135.01,135.06,135.01,5369.0,2016-08-02,1:28:50:0
GBPJPY=,135.0,135.05,135.0,5370.0,2016-08-02,1:28:51:0
GBPJPY=,135.01,135.06,135.01,5371.0,2016-08-02,1:28:55:0
GBPJPY=,135.01,135.06,135.01,5372.0,2016-08-02,1:28:59:0
GBPJPY=,135.03,135.06,135.03,5373.0,2016-08-02,1:28:59:0
GBPJPY=,135.01,135.06,135.01,5374.0,2016-08-02,1:29:0:0
GBPJPY=,134.96,135.12,134.96,5375.0,2016-08-02,1:29:0:0
GBPJPY=,135.01,135.06,135.01,5376.0,2016-08-02,1:29:2:0
GBPJPY=,135.01,135.06,135.01,5377.0,2016-08-02,1:29:3:0
GBPJPY=,135.02,135.05,135.02,5378.0,2016-08-02,1:29:3:0
GBPJPY=,135.01,135.06,135.01,5379.0,2016-08-02,1:29:7:0
GBPJPY=,135.01,135.06,135.01,5380.0,2016-08-02,1:29:9:0
GBPJPY=,135.04,135.06,135.04,5381.0,2016-08-02,1:29:12:0
GBPJPY=,135.03,135.08,135.03,5382.0,2016-08-02,1:29:13:0
GBPJPY=,134.97,135.11,134.97,5383.0,2016-08-02,1:29:13:0
GBPJPY=,135.04,135.07,135.04,5384.0,2016-08-02,1:29:19:0
GBPJPY=,135.04,135.06,135.04,5385.0,2016-08-02,1:29:22:0
GBPJPY=,135.04,135.07,135.04,5386.0,2016-08-02,1:29:25:0
GBPJPY=,135.02,135.07,135.02,5387.0,2016-08-02,1:29:25:0
GBPJPY=,135.01,135.06,135.01,5388.0,2016-08-02,1:29:26:0
GBPJPY=,135.02,135.05,135.02,5389.0,2016-08-02,1:29:28:0
GBPJPY=,134.97,135.15,134.97,5390.0,2016-08-02,1:29:30:0
GBPJPY=,135.01,135.06,135.01,5391.0,2016-08-02,1:29:30:0
GBPJPY=,135.01,135.06,135.01,5392.0,2016-08-02,1:29:31:0
GBPJPY=,135.02,135.07,135.02,5393.0,2016-08-02,1:29:34:0
GBPJPY=,135.01,135.06,135.01,5394.0,2016-08-02,1:29:37:0
GBPJPY=,135.01,135.06,135.01,5395.0,2016-08-02,1:29:41:0
GBPJPY=,135.02,135.06,135.02,5396.0,2016-08-02,1:29:41:0
GBPJPY=,135.02,135.05,135.02,5397.0,2016-08-02,1:29:44:0
GBPJPY=,134.96,135.1,134.96,5398.0,2016-08-02,1:29:50:0
GBPJPY=,135.01,135.06,135.01,5399.0,2016-08-02,1:29:51:0
GBPJPY=,135.01,135.06,135.01,5400.0,2016-08-02,1:29:52:0
GBPJPY=,134.97,135.14,134.97,5401.0,2016-08-02,1:30:0:0
GBPJPY=,135.03,135.06,135.03,5402.0,2016-08-02,1:30:2:0
GBPJPY=,135.02,135.07,135.02,5403.0,2016-08-02,1:30:2:0
GBPJPY=,135.04,135.06,135.04,5404.0,2016-08-02,1:30:5:0
GBPJPY=,135.02,135.07,135.02,5405.0,2016-08-02,1:30:5:0
GBPJPY=,135.03,135.06,135.03,5406.0,2016-08-02,1:30:7:0
GBPJPY=,135.02,135.07,135.02,5407.0,2016-08-02,1:30:8:0
GBPJPY=,135.02,135.07,135.02,5408.0,2016-08-02,1:30:10:0
GBPJPY=,135.02,135.06,135.02,5409.0,2016-08-02,1:30:10:0
GBPJPY=,135.01,135.06,135.01,5410.0,2016-08-02,1:30:13:0
GBPJPY=,135.02,135.05,135.02,5411.0,2016-08-02,1:30:13:0
GBPJPY=,135.01,135.04,135.01,5412.0,2016-08-02,1:30:18:0
GBPJPY=,135.01,135.06,135.01,5413.0,2016-08-02,1:30:22:0
GBPJPY=,135.0,135.05,135.0,5414.0,2016-08-02,1:30:23:0
GBPJPY=,135.0,135.05,135.0,5415.0,2016-08-02,1:30:25:0
GBPJPY=,135.0,135.04,135.0,5416.0,2016-08-02,1:30:26:0
GBPJPY=,134.94,135.08,134.94,5417.0,2016-08-02,1:30:27:0
GBPJPY=,135.0,135.05,135.0,5418.0,2016-08-02,1:30:28:0
GBPJPY=,134.97,135.14,134.97,5419.0,2016-08-02,1:30:30:0
GBPJPY=,135.0,135.05,135.0,5420.0,2016-08-02,1:30:30:0
GBPJPY=,135.0,135.03,135.0,5421.0,2016-08-02,1:30:32:0
GBPJPY=,134.99,135.04,134.99,5422.0,2016-08-02,1:30:33:0
GBPJPY=,134.99,135.04,134.99,5423.0,2016-08-02,1:30:37:0
GBPJPY=,134.99,135.04,134.99,5424.0,2016-08-02,1:30:41:0
GBPJPY=,134.99,135.03,134.99,5425.0,2016-08-02,1:30:43:0
GBPJPY=,134.99,135.04,134.99,5426.0,2016-08-02,1:30:45:0
GBPJPY=,134.99,135.02,134.99,5427.0,2016-08-02,1:30:47:0
GBPJPY=,134.99,135.04,134.99,5428.0,2016-08-02,1:30:49:0
GBPJPY=,135.0,135.03,135.0,5429.0,2016-08-02,1:30:50:0
GBPJPY=,134.99,135.04,134.99,5430.0,2016-08-02,1:30:53:0
GBPJPY=,135.01,135.03,135.01,5431.0,2016-08-02,1:30:57:0
GBPJPY=,135.0,135.05,135.0,5432.0,2016-08-02,1:30:57:0
GBPJPY=,135.01,135.04,135.01,5433.0,2016-08-02,1:30:59:0
GBPJPY=,134.96,135.11,134.96,5434.0,2016-08-02,1:31:0:0
GBPJPY=,135.01,135.03,135.01,5435.0,2016-08-02,1:31:3:0
GBPJPY=,134.99,135.04,134.99,5436.0,2016-08-02,1:31:3:0
GBPJPY=,134.99,135.02,134.99,5437.0,2016-08-02,1:31:5:0
GBPJPY=,134.98,135.03,134.98,5438.0,2016-08-02,1:31:6:0
GBPJPY=,134.98,135.03,134.98,5439.0,2016-08-02,1:31:9:0
GBPJPY=,134.98,135.03,134.98,5440.0,2016-08-02,1:31:14:0
GBPJPY=,134.99,135.04,134.99,5441.0,2016-08-02,1:31:17:0
GBPJPY=,134.99,135.03,134.99,5442.0,2016-08-02,1:31:21:0
GBPJPY=,134.99,135.04,134.99,5443.0,2016-08-02,1:31:21:0
GBPJPY=,135.0,135.03,135.0,5444.0,2016-08-02,1:31:23:0
GBPJPY=,134.99,135.04,134.99,5445.0,2016-08-02,1:31:25:0
GBPJPY=,134.99,135.02,134.99,5446.0,2016-08-02,1:31:26:0
GBPJPY=,134.92,135.06,134.92,5447.0,2016-08-02,1:31:27:0
GBPJPY=,134.98,135.03,134.98,5448.0,2016-08-02,1:31:30:0
GBPJPY=,134.95,135.1,134.95,5449.0,2016-08-02,1:31:30:0
GBPJPY=,134.98,135.02,134.98,5450.0,2016-08-02,1:31:30:0
GBPJPY=,134.99,135.02,134.99,5451.0,2016-08-02,1:31:34:0
GBPJPY=,134.99,135.04,134.99,5452.0,2016-08-02,1:31:39:0
GBPJPY=,135.0,135.05,135.0,5453.0,2016-08-02,1:31:39:0
GBPJPY=,135.0,135.03,135.0,5454.0,2016-08-02,1:31:40:0
GBPJPY=,134.99,135.04,134.99,5455.0,2016-08-02,1:31:42:0
GBPJPY=,135.0,135.05,135.0,5456.0,2016-08-02,1:31:45:0
GBPJPY=,135.01,135.04,135.01,5457.0,2016-08-02,1:31:45:0
GBPJPY=,135.0,135.05,135.0,5458.0,2016-08-02,1:31:49:0
GBPJPY=,135.0,135.05,135.0,5459.0,2016-08-02,1:31:54:0
GBPJPY=,135.01,135.06,135.01,5460.0,2016-08-02,1:31:58:0
GBPJPY=,134.94,135.08,134.94,5461.0,2016-08-02,1:31:59:0
GBPJPY=,134.97,135.09,134.97,5462.0,2016-08-02,1:32:0:0
GBPJPY=,135.0,135.05,135.0,5463.0,2016-08-02,1:32:1:0
GBPJPY=,135.0,135.03,135.0,5464.0,2016-08-02,1:32:3:0
GBPJPY=,135.0,135.04,135.0,5465.0,2016-08-02,1:32:5:0
GBPJPY=,134.99,135.04,134.99,5466.0,2016-08-02,1:32:6:0
GBPJPY=,135.01,135.04,135.01,5467.0,2016-08-02,1:32:8:0
GBPJPY=,134.99,135.04,134.99,5468.0,2016-08-02,1:32:10:0
GBPJPY=,135.0,135.03,135.0,5469.0,2016-08-02,1:32:13:0
GBPJPY=,134.99,135.04,134.99,5470.0,2016-08-02,1:32:13:0
GBPJPY=,134.99,135.04,134.99,5471.0,2016-08-02,1:32:21:0
GBPJPY=,134.99,135.04,134.99,5472.0,2016-08-02,1:32:22:0
GBPJPY=,134.99,135.04,134.99,5473.0,2016-08-02,1:32:27:0
GBPJPY=,135.0,135.05,135.0,5474.0,2016-08-02,1:32:38:0
GBPJPY=,134.99,135.04,134.99,5475.0,2016-08-02,1:32:39:0
GBPJPY=,135.0,135.05,135.0,5476.0,2016-08-02,1:32:40:0
GBPJPY=,134.99,135.04,134.99,5477.0,2016-08-02,1:32:42:0
GBPJPY=,134.99,135.04,134.99,5478.0,2016-08-02,1:32:45:0
GBPJPY=,134.99,135.04,134.99,5479.0,2016-08-02,1:32:49:0
GBPJPY=,134.99,135.04,134.99,5480.0,2016-08-02,1:32:53:0
GBPJPY=,134.99,135.04,134.99,5481.0,2016-08-02,1:32:57:0
GBPJPY=,134.99,135.04,134.99,5482.0,2016-08-02,1:33:1:0
GBPJPY=,135.0,135.05,135.0,5483.0,2016-08-02,1:33:5:0
GBPJPY=,135.0,135.05,135.0,5484.0,2016-08-02,1:33:9:0
GBPJPY=,135.0,135.05,135.0,5485.0,2016-08-02,1:33:13:0
GBPJPY=,134.99,135.04,134.99,5486.0,2016-08-02,1:33:21:0
GBPJPY=,135.0,135.05,135.0,5487.0,2016-08-02,1:33:22:0
GBPJPY=,134.99,135.04,134.99,5488.0,2016-08-02,1:33:26:0
GBPJPY=,135.0,135.05,135.0,5489.0,2016-08-02,1:33:30:0
GBPJPY=,135.01,135.04,135.01,5490.0,2016-08-02,1:33:30:0
GBPJPY=,135.0,135.03,135.0,5491.0,2016-08-02,1:33:33:0
GBPJPY=,135.01,135.04,135.01,5492.0,2016-08-02,1:33:36:0
GBPJPY=,135.0,135.05,135.0,5493.0,2016-08-02,1:33:37:0
GBPJPY=,135.0,135.05,135.0,5494.0,2016-08-02,1:33:39:0
GBPJPY=,134.99,135.04,134.99,5495.0,2016-08-02,1:33:41:0
GBPJPY=,135.0,135.03,135.0,5496.0,2016-08-02,1:33:42:0
GBPJPY=,135.0,135.05,135.0,5497.0,2016-08-02,1:33:45:0
GBPJPY=,135.01,135.03,135.01,5498.0,2016-08-02,1:33:46:0
GBPJPY=,135.0,135.05,135.0,5499.0,2016-08-02,1:33:49:0
GBPJPY=,135.01,135.04,135.01,5500.0,2016-08-02,1:33:49:0
GBPJPY=,135.02,135.04,135.02,5501.0,2016-08-02,1:33:52:0
GBPJPY=,135.0,135.05,135.0,5502.0,2016-08-02,1:33:53:0
GBPJPY=,135.01,135.04,135.01,5503.0,2016-08-02,1:33:57:0
GBPJPY=,135.0,135.05,135.0,5504.0,2016-08-02,1:34:3:0
GBPJPY=,135.01,135.03,135.01,5505.0,2016-08-02,1:34:7:0
GBPJPY=,135.0,135.05,135.0,5506.0,2016-08-02,1:34:7:0
GBPJPY=,134.98,135.03,134.98,5507.0,2016-08-02,1:34:17:0
GBPJPY=,134.93,135.07,134.93,5508.0,2016-08-02,1:34:17:0
GBPJPY=,134.98,135.03,134.98,5509.0,2016-08-02,1:34:18:0
GBPJPY=,134.99,135.02,134.99,5510.0,2016-08-02,1:34:19:0
GBPJPY=,134.98,135.03,134.98,5511.0,2016-08-02,1:34:20:0
GBPJPY=,134.98,135.03,134.98,5512.0,2016-08-02,1:34:21:0
GBPJPY=,134.98,135.03,134.98,5513.0,2016-08-02,1:34:24:0
GBPJPY=,134.98,135.01,134.98,5514.0,2016-08-02,1:34:25:0
GBPJPY=,134.95,135.11,134.95,5515.0,2016-08-02,1:34:30:0
GBPJPY=,134.99,135.01,134.99,5516.0,2016-08-02,1:34:31:0
GBPJPY=,134.98,135.03,134.98,5517.0,2016-08-02,1:34:31:0
GBPJPY=,134.98,135.01,134.98,5518.0,2016-08-02,1:34:33:0
GBPJPY=,134.98,135.03,134.98,5519.0,2016-08-02,1:34:36:0
GBPJPY=,134.99,135.02,134.99,5520.0,2016-08-02,1:34:36:0
GBPJPY=,134.97,135.02,134.97,5521.0,2016-08-02,1:34:47:0
GBPJPY=,134.92,135.06,134.92,5522.0,2016-08-02,1:34:47:0
GBPJPY=,134.98,135.03,134.98,5523.0,2016-08-02,1:34:48:0
GBPJPY=,134.99,135.04,134.99,5524.0,2016-08-02,1:34:55:0
GBPJPY=,135.0,135.02,135.0,5525.0,2016-08-02,1:34:56:0
GBPJPY=,134.99,135.04,134.99,5526.0,2016-08-02,1:34:57:0
GBPJPY=,134.99,135.04,134.99,5527.0,2016-08-02,1:34:59:0
GBPJPY=,135.0,135.03,135.0,5528.0,2016-08-02,1:34:59:0
GBPJPY=,134.99,135.04,134.99,5529.0,2016-08-02,1:35:0:0
GBPJPY=,134.95,135.11,134.95,5530.0,2016-08-02,1:35:0:0
GBPJPY=,134.99,135.04,134.99,5531.0,2016-08-02,1:35:2:0
GBPJPY=,134.99,135.04,134.99,5532.0,2016-08-02,1:35:6:0
GBPJPY=,134.99,135.04,134.99,5533.0,2016-08-02,1:35:10:0
GBPJPY=,134.99,135.04,134.99,5534.0,2016-08-02,1:35:12:0
GBPJPY=,135.0,135.02,135.0,5535.0,2016-08-02,1:35:14:0
GBPJPY=,134.99,135.04,134.99,5536.0,2016-08-02,1:35:16:0
GBPJPY=,135.0,135.03,135.0,5537.0,2016-08-02,1:35:16:0
GBPJPY=,134.93,135.07,134.93,5538.0,2016-08-02,1:35:18:0
GBPJPY=,135.0,135.02,135.0,5539.0,2016-08-02,1:35:19:0
GBPJPY=,134.99,135.04,134.99,5540.0,2016-08-02,1:35:21:0
GBPJPY=,135.0,135.03,135.0,5541.0,2016-08-02,1:35:22:0
GBPJPY=,135.0,135.02,135.0,5542.0,2016-08-02,1:35:25:0
GBPJPY=,134.99,135.04,134.99,5543.0,2016-08-02,1:35:27:0
GBPJPY=,135.0,135.03,135.0,5544.0,2016-08-02,1:35:32:0
GBPJPY=,134.99,135.04,134.99,5545.0,2016-08-02,1:35:33:0
GBPJPY=,134.99,135.04,134.99,5546.0,2016-08-02,1:35:44:0
GBPJPY=,135.0,135.05,135.0,5547.0,2016-08-02,1:35:45:0
GBPJPY=,135.01,135.04,135.01,5548.0,2016-08-02,1:35:45:0
GBPJPY=,135.01,135.03,135.01,5549.0,2016-08-02,1:35:55:0
GBPJPY=,135.01,135.04,135.01,5550.0,2016-08-02,1:35:58:0
GBPJPY=,134.97,135.12,134.97,5551.0,2016-08-02,1:36:0:0
GBPJPY=,135.01,135.03,135.01,5552.0,2016-08-02,1:36:0:0
GBPJPY=,135.01,135.04,135.01,5553.0,2016-08-02,1:36:4:0
GBPJPY=,135.01,135.03,135.01,5554.0,2016-08-02,1:36:7:0
GBPJPY=,134.94,135.08,134.94,5555.0,2016-08-02,1:36:7:0
GBPJPY=,135.01,135.04,135.01,5556.0,2016-08-02,1:36:10:0
GBPJPY=,135.0,135.05,135.0,5557.0,2016-08-02,1:36:12:0
GBPJPY=,135.0,135.05,135.0,5558.0,2016-08-02,1:36:16:0
GBPJPY=,135.01,135.03,135.01,5559.0,2016-08-02,1:36:18:0
GBPJPY=,135.0,135.03,135.0,5560.0,2016-08-02,1:36:23:0
GBPJPY=,135.01,135.03,135.01,5561.0,2016-08-02,1:36:29:0
GBPJPY=,135.0,135.05,135.0,5562.0,2016-08-02,1:36:30:0
GBPJPY=,134.97,135.11,134.97,5563.0,2016-08-02,1:36:30:0
GBPJPY=,135.0,135.05,135.0,5564.0,2016-08-02,1:36:34:0
GBPJPY=,135.0,135.03,135.0,5565.0,2016-08-02,1:36:38:0
GBPJPY=,134.93,135.07,134.93,5566.0,2016-08-02,1:36:38:0
GBPJPY=,134.99,135.04,134.99,5567.0,2016-08-02,1:36:39:0
GBPJPY=,134.98,135.03,134.98,5568.0,2016-08-02,1:36:40:0
GBPJPY=,135.0,135.02,135.0,5569.0,2016-08-02,1:36:40:0
GBPJPY=,134.99,135.04,134.99,5570.0,2016-08-02,1:36:48:0
GBPJPY=,134.99,135.04,134.99,5571.0,2016-08-02,1:36:49:0
GBPJPY=,134.99,135.04,134.99,5572.0,2016-08-02,1:36:52:0
GBPJPY=,134.99,135.04,134.99,5573.0,2016-08-02,1:36:53:0
GBPJPY=,135.01,135.03,135.01,5574.0,2016-08-02,1:36:53:0
GBPJPY=,135.0,135.05,135.0,5575.0,2016-08-02,1:36:55:0
GBPJPY=,135.0,135.03,135.0,5576.0,2016-08-02,1:36:56:0
GBPJPY=,134.97,135.11,134.97,5577.0,2016-08-02,1:37:0:0
GBPJPY=,135.01,135.03,135.01,5578.0,2016-08-02,1:37:4:0
GBPJPY=,135.0,135.05,135.0,5579.0,2016-08-02,1:37:6:0
GBPJPY=,135.0,135.05,135.0,5580.0,2016-08-02,1:37:7:0
GBPJPY=,135.01,135.06,135.01,5581.0,2016-08-02,1:37:8:0
GBPJPY=,135.01,135.04,135.01,5582.0,2016-08-02,1:37:8:0
GBPJPY=,135.01,135.06,135.01,5583.0,2016-08-02,1:37:9:0
GBPJPY=,134.95,135.09,134.95,5584.0,2016-08-02,1:37:10:0
GBPJPY=,135.02,135.04,135.02,5585.0,2016-08-02,1:37:11:0
GBPJPY=,135.02,135.05,135.02,5586.0,2016-08-02,1:37:20:0
GBPJPY=,135.01,135.06,135.01,5587.0,2016-08-02,1:37:22:0
GBPJPY=,135.01,135.06,135.01,5588.0,2016-08-02,1:37:23:0
GBPJPY=,135.01,135.04,135.01,5589.0,2016-08-02,1:37:24:0
GBPJPY=,135.01,135.06,135.01,5590.0,2016-08-02,1:37:24:0
GBPJPY=,135.0,135.05,135.0,5591.0,2016-08-02,1:37:25:0
GBPJPY=,135.0,135.05,135.0,5592.0,2016-08-02,1:37:26:0
GBPJPY=,135.01,135.03,135.01,5593.0,2016-08-02,1:37:26:0
GBPJPY=,134.97,135.12,134.97,5594.0,2016-08-02,1:37:30:0
GBPJPY=,135.0,135.05,135.0,5595.0,2016-08-02,1:37:35:0
GBPJPY=,135.01,135.04,135.01,5596.0,2016-08-02,1:37:36:0
GBPJPY=,135.0,135.05,135.0,5597.0,2016-08-02,1:37:36:0
GBPJPY=,134.94,135.08,134.94,5598.0,2016-08-02,1:37:40:0
GBPJPY=,135.0,135.05,135.0,5599.0,2016-08-02,1:37:42:0
GBPJPY=,135.01,135.03,135.01,5600.0,2016-08-02,1:37:43:0
GBPJPY=,134.99,135.04,134.99,5601.0,2016-08-02,1:37:44:0
GBPJPY=,135.0,135.03,135.0,5602.0,2016-08-02,1:37:45:0
GBPJPY=,134.99,135.04,134.99,5603.0,2016-08-02,1:37:45:0
GBPJPY=,134.99,135.04,134.99,5604.0,2016-08-02,1:37:46:0
GBPJPY=,135.0,135.02,135.0,5605.0,2016-08-02,1:37:48:0
GBPJPY=,134.98,135.12,134.98,5606.0,2016-08-02,1:38:0:0
GBPJPY=,135.0,135.03,135.0,5607.0,2016-08-02,1:38:5:0
GBPJPY=,135.0,135.05,135.0,5608.0,2016-08-02,1:38:7:0
GBPJPY=,135.0,135.05,135.0,5609.0,2016-08-02,1:38:8:0
GBPJPY=,135.0,135.05,135.0,5610.0,2016-08-02,1:38:10:0
GBPJPY=,135.01,135.03,135.01,5611.0,2016-08-02,1:38:10:0
GBPJPY=,134.99,135.04,134.99,5612.0,2016-08-02,1:38:11:0
GBPJPY=,134.99,135.04,134.99,5613.0,2016-08-02,1:38:12:0
GBPJPY=,135.0,135.03,135.0,5614.0,2016-08-02,1:38:13:0
GBPJPY=,134.98,135.03,134.98,5615.0,2016-08-02,1:38:13:0
GBPJPY=,134.99,135.01,134.99,5616.0,2016-08-02,1:38:16:0
GBPJPY=,134.98,135.03,134.98,5617.0,2016-08-02,1:38:16:0
GBPJPY=,134.99,135.02,134.99,5618.0,2016-08-02,1:38:18:0
GBPJPY=,134.99,135.04,134.99,5619.0,2016-08-02,1:38:19:0
GBPJPY=,135.0,135.02,135.0,5620.0,2016-08-02,1:38:21:0
GBPJPY=,135.01,135.03,135.01,5621.0,2016-08-02,1:38:29:0
GBPJPY=,134.97,135.12,134.97,5622.0,2016-08-02,1:38:30:0
GBPJPY=,134.99,135.04,134.99,5623.0,2016-08-02,1:38:31:0
GBPJPY=,134.99,135.04,134.99,5624.0,2016-08-02,1:38:37:0
GBPJPY=,135.0,135.03,135.0,5625.0,2016-08-02,1:38:39:0
GBPJPY=,134.93,135.07,134.93,5626.0,2016-08-02,1:38:39:0
GBPJPY=,135.01,135.03,135.01,5627.0,2016-08-02,1:39:3:0
GBPJPY=,134.99,135.04,134.99,5628.0,2016-08-02,1:39:3:0
GBPJPY=,134.99,135.04,134.99,5629.0,2016-08-02,1:39:5:0
GBPJPY=,135.0,135.05,135.0,5630.0,2016-08-02,1:39:6:0
GBPJPY=,135.02,135.04,135.02,5631.0,2016-08-02,1:39:7:0
GBPJPY=,135.01,135.03,135.01,5632.0,2016-08-02,1:39:9:0
GBPJPY=,135.0,135.05,135.0,5633.0,2016-08-02,1:39:13:0
GBPJPY=,135.0,135.05,135.0,5634.0,2016-08-02,1:39:17:0
GBPJPY=,135.0,135.05,135.0,5635.0,2016-08-02,1:39:18:0
GBPJPY=,135.01,135.04,135.01,5636.0,2016-08-02,1:39:19:0
GBPJPY=,135.0,135.05,135.0,5637.0,2016-08-02,1:39:23:0
GBPJPY=,134.94,135.08,134.94,5638.0,2016-08-02,1:39:24:0
GBPJPY=,135.0,135.05,135.0,5639.0,2016-08-02,1:39:24:0
GBPJPY=,135.02,135.04,135.02,5640.0,2016-08-02,1:39:25:0
GBPJPY=,134.97,135.13,134.97,5641.0,2016-08-02,1:39:30:0
GBPJPY=,135.0,135.05,135.0,5642.0,2016-08-02,1:39:39:0
GBPJPY=,135.0,135.05,135.0,5643.0,2016-08-02,1:39:40:0
GBPJPY=,135.01,135.04,135.01,5644.0,2016-08-02,1:39:40:0
GBPJPY=,135.0,135.05,135.0,5645.0,2016-08-02,1:39:49:0
GBPJPY=,135.0,135.05,135.0,5646.0,2016-08-02,1:39:51:0
GBPJPY=,135.0,135.05,135.0,5647.0,2016-08-02,1:40:0:0
GBPJPY=,135.0,135.05,135.0,5648.0,2016-08-02,1:40:1:0
GBPJPY=,135.01,135.03,135.01,5649.0,2016-08-02,1:40:1:0
GBPJPY=,134.93,135.07,134.93,5650.0,2016-08-02,1:40:8:0
GBPJPY=,134.99,135.04,134.99,5651.0,2016-08-02,1:40:8:0
GBPJPY=,135.0,135.03,135.0,5652.0,2016-08-02,1:40:8:0
GBPJPY=,134.99,135.04,134.99,5653.0,2016-08-02,1:40:9:0
GBPJPY=,134.99,135.04,134.99,5654.0,2016-08-02,1:40:13:0
GBPJPY=,135.01,135.03,135.01,5655.0,2016-08-02,1:40:15:0
GBPJPY=,135.0,135.05,135.0,5656.0,2016-08-02,1:40:25:0
GBPJPY=,134.95,135.12,134.95,5657.0,2016-08-02,1:40:30:0
GBPJPY=,134.99,135.04,134.99,5658.0,2016-08-02,1:40:32:0
GBPJPY=,134.98,135.03,134.98,5659.0,2016-08-02,1:40:33:0
GBPJPY=,135.0,135.02,135.0,5660.0,2016-08-02,1:40:33:0
GBPJPY=,134.99,135.04,134.99,5661.0,2016-08-02,1:40:38:0
GBPJPY=,134.99,135.04,134.99,5662.0,2016-08-02,1:40:39:0
GBPJPY=,135.0,135.03,135.0,5663.0,2016-08-02,1:40:50:0
GBPJPY=,135.0,135.05,135.0,5664.0,2016-08-02,1:40:56:0
GBPJPY=,135.0,135.05,135.0,5665.0,2016-08-02,1:40:56:0
GBPJPY=,135.01,135.04,135.01,5666.0,2016-08-02,1:40:57:0
GBPJPY=,135.0,135.05,135.0,5667.0,2016-08-02,1:40:58:0
GBPJPY=,134.94,135.1,134.94,5668.0,2016-08-02,1:41:0:0
GBPJPY=,135.01,135.03,135.01,5669.0,2016-08-02,1:41:1:0
GBPJPY=,134.99,135.04,134.99,5670.0,2016-08-02,1:41:3:0
GBPJPY=,134.99,135.04,134.99,5671.0,2016-08-02,1:41:6:0
GBPJPY=,134.99,135.04,134.99,5672.0,2016-08-02,1:41:7:0
GBPJPY=,134.99,135.04,134.99,5673.0,2016-08-02,1:41:8:0
GBPJPY=,135.0,135.02,135.0,5674.0,2016-08-02,1:41:8:0
GBPJPY=,134.94,135.08,134.94,5675.0,2016-08-02,1:41:10:0
GBPJPY=,135.0,135.03,135.0,5676.0,2016-08-02,1:41:11:0
GBPJPY=,134.99,135.04,134.99,5677.0,2016-08-02,1:41:14:0
GBPJPY=,134.99,135.04,134.99,5678.0,2016-08-02,1:41:16:0
GBPJPY=,134.99,135.04,134.99,5679.0,2016-08-02,1:41:17:0
GBPJPY=,134.99,135.04,134.99,5680.0,2016-08-02,1:41:18:0
GBPJPY=,134.99,135.04,134.99,5681.0,2016-08-02,1:41:21:0
GBPJPY=,135.0,135.02,135.0,5682.0,2016-08-02,1:41:21:0
GBPJPY=,134.99,135.04,134.99,5683.0,2016-08-02,1:41:23:0
GBPJPY=,134.99,135.04,134.99,5684.0,2016-08-02,1:41:24:0
GBPJPY=,134.99,135.01,134.99,5685.0,2016-08-02,1:41:27:0
GBPJPY=,134.97,135.02,134.97,5686.0,2016-08-02,1:41:27:0
GBPJPY=,134.98,135.03,134.98,5687.0,2016-08-02,1:41:28:0
GBPJPY=,134.99,135.02,134.99,5688.0,2016-08-02,1:41:29:0
GBPJPY=,134.97,135.02,134.97,5689.0,2016-08-02,1:41:33:0
GBPJPY=,134.98,135.01,134.98,5690.0,2016-08-02,1:41:34:0
GBPJPY=,134.97,135.02,134.97,5691.0,2016-08-02,1:41:38:0
GBPJPY=,134.97,135.02,134.97,5692.0,2016-08-02,1:41:40:0
GBPJPY=,134.98,135.0,134.98,5693.0,2016-08-02,1:41:47:0
GBPJPY=,134.91,135.05,134.91,5694.0,2016-08-02,1:41:51:0
GBPJPY=,134.97,135.02,134.97,5695.0,2016-08-02,1:41:52:0
GBPJPY=,134.96,135.01,134.96,5696.0,2016-08-02,1:41:53:0
GBPJPY=,134.97,134.99,134.97,5697.0,2016-08-02,1:41:55:0
GBPJPY=,134.96,134.98,134.96,5698.0,2016-08-02,1:41:57:0
GBPJPY=,134.95,135.0,134.95,5699.0,2016-08-02,1:41:57:0
GBPJPY=,134.95,135.0,134.95,5700.0,2016-08-02,1:41:58:0
GBPJPY=,134.95,135.0,134.95,5701.0,2016-08-02,1:41:59:0
GBPJPY=,134.96,134.99,134.96,5702.0,2016-08-02,1:42:0:0
GBPJPY=,134.93,135.07,134.93,5703.0,2016-08-02,1:42:0:0
GBPJPY=,134.95,135.0,134.95,5704.0,2016-08-02,1:42:0:0
GBPJPY=,134.95,135.0,134.95,5705.0,2016-08-02,1:42:1:0
GBPJPY=,134.96,134.98,134.96,5706.0,2016-08-02,1:42:3:0
GBPJPY=,134.94,134.99,134.94,5707.0,2016-08-02,1:42:5:0
GBPJPY=,134.94,134.99,134.94,5708.0,2016-08-02,1:42:7:0
GBPJPY=,134.95,134.97,134.95,5709.0,2016-08-02,1:42:8:0
GBPJPY=,134.94,134.99,134.94,5710.0,2016-08-02,1:42:8:0
GBPJPY=,134.94,134.97,134.94,5711.0,2016-08-02,1:42:10:0
GBPJPY=,134.93,134.98,134.93,5712.0,2016-08-02,1:42:14:0
GBPJPY=,134.92,134.97,134.92,5713.0,2016-08-02,1:42:17:0
GBPJPY=,134.92,134.97,134.92,5714.0,2016-08-02,1:42:18:0
GBPJPY=,134.92,134.95,134.92,5715.0,2016-08-02,1:42:19:0
GBPJPY=,134.91,134.96,134.91,5716.0,2016-08-02,1:42:21:0
GBPJPY=,134.87,135.01,134.87,5717.0,2016-08-02,1:42:21:0
GBPJPY=,134.91,134.96,134.91,5718.0,2016-08-02,1:42:23:0
GBPJPY=,134.9,135.04,134.9,5719.0,2016-08-02,1:42:30:0
GBPJPY=,134.93,134.96,134.93,5720.0,2016-08-02,1:42:31:0
GBPJPY=,134.92,134.97,134.92,5721.0,2016-08-02,1:42:31:0
GBPJPY=,134.93,134.98,134.93,5722.0,2016-08-02,1:42:32:0
GBPJPY=,134.94,134.97,134.94,5723.0,2016-08-02,1:42:33:0
GBPJPY=,134.93,134.98,134.93,5724.0,2016-08-02,1:42:33:0
GBPJPY=,134.93,134.98,134.93,5725.0,2016-08-02,1:42:35:0
GBPJPY=,134.93,134.98,134.93,5726.0,2016-08-02,1:42:37:0
GBPJPY=,134.93,134.98,134.93,5727.0,2016-08-02,1:42:41:0
GBPJPY=,134.94,134.96,134.94,5728.0,2016-08-02,1:42:43:0
GBPJPY=,134.93,134.98,134.93,5729.0,2016-08-02,1:42:43:0
GBPJPY=,134.93,134.98,134.93,5730.0,2016-08-02,1:42:44:0
GBPJPY=,134.93,134.96,134.93,5731.0,2016-08-02,1:42:52:0
GBPJPY=,134.92,134.97,134.92,5732.0,2016-08-02,1:42:53:0
GBPJPY=,134.92,134.97,134.92,5733.0,2016-08-02,1:42:56:0
GBPJPY=,134.94,134.97,134.94,5734.0,2016-08-02,1:42:56:0
GBPJPY=,134.93,134.98,134.93,5735.0,2016-08-02,1:42:57:0
GBPJPY=,134.93,134.98,134.93,5736.0,2016-08-02,1:42:58:0
GBPJPY=,134.93,134.98,134.93,5737.0,2016-08-02,1:42:59:0
GBPJPY=,134.94,134.99,134.94,5738.0,2016-08-02,1:43:0:0
GBPJPY=,134.95,134.98,134.95,5739.0,2016-08-02,1:43:0:0
GBPJPY=,134.94,134.99,134.94,5740.0,2016-08-02,1:43:1:0
GBPJPY=,134.94,134.99,134.94,5741.0,2016-08-02,1:43:2:0
GBPJPY=,134.9,135.04,134.9,5742.0,2016-08-02,1:43:12:0
GBPJPY=,134.94,134.99,134.94,5743.0,2016-08-02,1:43:12:0
GBPJPY=,134.94,134.99,134.94,5744.0,2016-08-02,1:43:13:0
GBPJPY=,134.94,134.99,134.94,5745.0,2016-08-02,1:43:15:0
GBPJPY=,134.93,134.98,134.93,5746.0,2016-08-02,1:43:16:0
GBPJPY=,134.94,134.97,134.94,5747.0,2016-08-02,1:43:16:0
GBPJPY=,134.94,134.99,134.94,5748.0,2016-08-02,1:43:17:0
GBPJPY=,134.94,134.99,134.94,5749.0,2016-08-02,1:43:18:0
GBPJPY=,134.95,134.98,134.95,5750.0,2016-08-02,1:43:18:0
GBPJPY=,134.94,134.99,134.94,5751.0,2016-08-02,1:43:21:0
GBPJPY=,134.94,134.99,134.94,5752.0,2016-08-02,1:43:22:0
GBPJPY=,134.95,134.97,134.95,5753.0,2016-08-02,1:43:22:0
GBPJPY=,134.94,134.96,134.94,5754.0,2016-08-02,1:43:28:0
GBPJPY=,134.93,134.98,134.93,5755.0,2016-08-02,1:43:29:0
GBPJPY=,134.92,135.07,134.92,5756.0,2016-08-02,1:43:30:0
GBPJPY=,134.93,134.98,134.93,5757.0,2016-08-02,1:43:32:0
GBPJPY=,134.93,134.98,134.93,5758.0,2016-08-02,1:43:35:0
GBPJPY=,134.94,134.97,134.94,5759.0,2016-08-02,1:43:35:0
GBPJPY=,134.93,134.98,134.93,5760.0,2016-08-02,1:43:36:0
GBPJPY=,134.93,134.98,134.93,5761.0,2016-08-02,1:43:37:0
GBPJPY=,134.95,134.97,134.95,5762.0,2016-08-02,1:43:37:0
GBPJPY=,134.93,134.98,134.93,5763.0,2016-08-02,1:43:41:0
GBPJPY=,134.89,135.03,134.89,5764.0,2016-08-02,1:43:41:0
GBPJPY=,134.94,134.97,134.94,5765.0,2016-08-02,1:43:42:0
GBPJPY=,134.93,134.98,134.93,5766.0,2016-08-02,1:43:45:0
GBPJPY=,134.94,134.96,134.94,5767.0,2016-08-02,1:43:48:0
GBPJPY=,134.93,134.98,134.93,5768.0,2016-08-02,1:43:49:0
GBPJPY=,134.92,135.06,134.92,5769.0,2016-08-02,1:44:0:0
GBPJPY=,134.94,134.97,134.94,5770.0,2016-08-02,1:44:16:0
GBPJPY=,134.9,135.04,134.9,5771.0,2016-08-02,1:44:17:0
GBPJPY=,134.94,134.99,134.94,5772.0,2016-08-02,1:44:17:0
GBPJPY=,134.95,134.97,134.95,5773.0,2016-08-02,1:44:19:0
GBPJPY=,134.95,135.0,134.95,5774.0,2016-08-02,1:44:21:0
GBPJPY=,134.95,135.0,134.95,5775.0,2016-08-02,1:44:22:0
GBPJPY=,134.96,134.98,134.96,5776.0,2016-08-02,1:44:23:0
GBPJPY=,134.92,135.07,134.92,5777.0,2016-08-02,1:44:30:0
GBPJPY=,134.96,135.01,134.96,5778.0,2016-08-02,1:44:30:0
GBPJPY=,134.95,135.0,134.95,5779.0,2016-08-02,1:44:31:0
GBPJPY=,134.95,135.0,134.95,5780.0,2016-08-02,1:44:32:0
GBPJPY=,134.96,134.99,134.96,5781.0,2016-08-02,1:44:33:0
GBPJPY=,134.95,135.0,134.95,5782.0,2016-08-02,1:44:36:0
GBPJPY=,134.97,135.0,134.97,5783.0,2016-08-02,1:44:37:0
GBPJPY=,134.95,135.0,134.95,5784.0,2016-08-02,1:44:38:0
GBPJPY=,134.96,135.0,134.96,5785.0,2016-08-02,1:44:39:0
GBPJPY=,134.95,135.0,134.95,5786.0,2016-08-02,1:44:39:0
GBPJPY=,134.96,134.99,134.96,5787.0,2016-08-02,1:44:42:0
GBPJPY=,134.91,135.05,134.91,5788.0,2016-08-02,1:44:47:0
GBPJPY=,134.95,135.0,134.95,5789.0,2016-08-02,1:44:51:0
GBPJPY=,134.95,135.0,134.95,5790.0,2016-08-02,1:44:52:0
GBPJPY=,134.95,134.99,134.95,5791.0,2016-08-02,1:44:53:0
GBPJPY=,134.95,135.0,134.95,5792.0,2016-08-02,1:44:53:0
GBPJPY=,134.95,134.98,134.95,5793.0,2016-08-02,1:44:58:0
GBPJPY=,134.95,135.0,134.95,5794.0,2016-08-02,1:44:58:0
GBPJPY=,134.95,135.0,134.95,5795.0,2016-08-02,1:44:59:0
GBPJPY=,134.97,134.99,134.97,5796.0,2016-08-02,1:45:0:0
GBPJPY=,134.93,135.08,134.93,5797.0,2016-08-02,1:45:0:0
GBPJPY=,134.95,135.0,134.95,5798.0,2016-08-02,1:45:2:0
GBPJPY=,134.96,135.01,134.96,5799.0,2016-08-02,1:45:5:0
GBPJPY=,134.97,135.0,134.97,5800.0,2016-08-02,1:45:6:0
GBPJPY=,134.95,135.0,134.95,5801.0,2016-08-02,1:45:8:0
GBPJPY=,134.97,134.99,134.97,5802.0,2016-08-02,1:45:9:0
GBPJPY=,134.95,135.0,134.95,5803.0,2016-08-02,1:45:9:0
GBPJPY=,134.96,134.98,134.96,5804.0,2016-08-02,1:45:12:0
GBPJPY=,134.95,135.0,134.95,5805.0,2016-08-02,1:45:13:0
GBPJPY=,134.96,134.99,134.96,5806.0,2016-08-02,1:45:15:0
GBPJPY=,134.95,135.0,134.95,5807.0,2016-08-02,1:45:15:0
GBPJPY=,134.95,135.0,134.95,5808.0,2016-08-02,1:45:17:0
GBPJPY=,134.96,134.98,134.96,5809.0,2016-08-02,1:45:18:0
GBPJPY=,134.95,135.0,134.95,5810.0,2016-08-02,1:45:21:0
GBPJPY=,134.9,135.04,134.9,5811.0,2016-08-02,1:45:22:0
GBPJPY=,134.95,135.0,134.95,5812.0,2016-08-02,1:45:27:0
GBPJPY=,134.95,135.0,134.95,5813.0,2016-08-02,1:45:29:0
GBPJPY=,134.95,134.97,134.95,5814.0,2016-08-02,1:45:30:0
GBPJPY=,134.93,135.07,134.93,5815.0,2016-08-02,1:45:30:0
GBPJPY=,134.95,135.0,134.95,5816.0,2016-08-02,1:45:31:0
GBPJPY=,134.96,134.98,134.96,5817.0,2016-08-02,1:45:32:0
GBPJPY=,134.95,135.0,134.95,5818.0,2016-08-02,1:45:34:0
GBPJPY=,134.95,135.0,134.95,5819.0,2016-08-02,1:45:41:0
GBPJPY=,134.94,134.99,134.94,5820.0,2016-08-02,1:45:42:0
GBPJPY=,134.95,134.97,134.95,5821.0,2016-08-02,1:45:43:0
GBPJPY=,134.94,134.99,134.94,5822.0,2016-08-02,1:45:46:0
GBPJPY=,134.94,134.99,134.94,5823.0,2016-08-02,1:45:49:0
GBPJPY=,134.94,134.96,134.94,5824.0,2016-08-02,1:45:51:0
GBPJPY=,134.93,134.98,134.93,5825.0,2016-08-02,1:45:53:0
GBPJPY=,134.95,134.97,134.95,5826.0,2016-08-02,1:45:56:0
GBPJPY=,134.94,134.99,134.94,5827.0,2016-08-02,1:45:58:0
GBPJPY=,134.92,135.07,134.92,5828.0,2016-08-02,1:46:0:0
GBPJPY=,134.94,134.99,134.94,5829.0,2016-08-02,1:46:3:0
GBPJPY=,134.94,134.99,134.94,5830.0,2016-08-02,1:46:5:0
GBPJPY=,134.96,134.98,134.96,5831.0,2016-08-02,1:46:7:0
GBPJPY=,134.91,135.05,134.91,5832.0,2016-08-02,1:46:9:0
GBPJPY=,134.95,135.0,134.95,5833.0,2016-08-02,1:46:10:0
GBPJPY=,134.95,135.0,134.95,5834.0,2016-08-02,1:46:21:0
GBPJPY=,134.95,135.0,134.95,5835.0,2016-08-02,1:46:23:0
GBPJPY=,134.95,135.0,134.95,5836.0,2016-08-02,1:46:24:0
GBPJPY=,134.95,134.98,134.95,5837.0,2016-08-02,1:46:30:0
GBPJPY=,134.94,135.07,134.94,5838.0,2016-08-02,1:46:30:0
GBPJPY=,134.95,135.0,134.95,5839.0,2016-08-02,1:46:30:0
GBPJPY=,134.96,134.98,134.96,5840.0,2016-08-02,1:46:32:0
GBPJPY=,134.94,134.99,134.94,5841.0,2016-08-02,1:46:34:0
GBPJPY=,134.95,134.97,134.95,5842.0,2016-08-02,1:46:35:0
GBPJPY=,134.94,134.99,134.94,5843.0,2016-08-02,1:46:37:0
GBPJPY=,134.94,134.99,134.94,5844.0,2016-08-02,1:46:47:0
GBPJPY=,134.9,135.04,134.9,5845.0,2016-08-02,1:46:52:0
GBPJPY=,134.92,135.07,134.92,5846.0,2016-08-02,1:47:0:0
GBPJPY=,134.94,134.99,134.94,5847.0,2016-08-02,1:47:0:0
GBPJPY=,134.96,135.01,134.96,5848.0,2016-08-02,1:47:5:0
GBPJPY=,134.95,135.0,134.95,5849.0,2016-08-02,1:47:6:0
GBPJPY=,134.96,134.99,134.96,5850.0,2016-08-02,1:47:7:0
GBPJPY=,134.96,135.01,134.96,5851.0,2016-08-02,1:47:7:0
GBPJPY=,134.97,134.99,134.97,5852.0,2016-08-02,1:47:9:0
GBPJPY=,134.96,135.01,134.96,5853.0,2016-08-02,1:47:11:0
GBPJPY=,134.97,135.02,134.97,5854.0,2016-08-02,1:47:11:0
GBPJPY=,134.96,135.01,134.96,5855.0,2016-08-02,1:47:12:0
GBPJPY=,134.97,135.0,134.97,5856.0,2016-08-02,1:47:13:0
GBPJPY=,134.96,135.01,134.96,5857.0,2016-08-02,1:47:13:0
GBPJPY=,134.95,135.0,134.95,5858.0,2016-08-02,1:47:15:0
GBPJPY=,134.97,134.99,134.97,5859.0,2016-08-02,1:47:17:0
GBPJPY=,134.95,135.0,134.95,5860.0,2016-08-02,1:47:17:0
GBPJPY=,134.96,135.01,134.96,5861.0,2016-08-02,1:47:21:0
GBPJPY=,134.91,135.05,134.91,5862.0,2016-08-02,1:47:21:0
GBPJPY=,134.95,135.0,134.95,5863.0,2016-08-02,1:47:28:0
GBPJPY=,134.94,134.99,134.94,5864.0,2016-08-02,1:47:29:0
GBPJPY=,134.96,134.99,134.96,5865.0,2016-08-02,1:47:30:0
GBPJPY=,134.94,135.09,134.94,5866.0,2016-08-02,1:47:30:0
GBPJPY=,134.95,135.0,134.95,5867.0,2016-08-02,1:47:34:0
GBPJPY=,134.95,135.0,134.95,5868.0,2016-08-02,1:47:46:0
GBPJPY=,134.95,135.0,134.95,5869.0,2016-08-02,1:47:47:0
GBPJPY=,134.95,135.0,134.95,5870.0,2016-08-02,1:47:48:0
GBPJPY=,134.96,134.98,134.96,5871.0,2016-08-02,1:47:48:0
GBPJPY=,134.9,135.04,134.9,5872.0,2016-08-02,1:47:52:0
GBPJPY=,134.95,135.0,134.95,5873.0,2016-08-02,1:47:52:0
GBPJPY=,134.95,135.0,134.95,5874.0,2016-08-02,1:47:59:0
GBPJPY=,134.93,135.08,134.93,5875.0,2016-08-02,1:48:0:0
GBPJPY=,134.95,135.0,134.95,5876.0,2016-08-02,1:48:4:0
GBPJPY=,134.95,135.0,134.95,5877.0,2016-08-02,1:48:5:0
GBPJPY=,134.95,135.0,134.95,5878.0,2016-08-02,1:48:6:0
GBPJPY=,134.97,134.99,134.97,5879.0,2016-08-02,1:48:8:0
GBPJPY=,134.95,135.0,134.95,5880.0,2016-08-02,1:48:9:0
GBPJPY=,134.96,135.01,134.96,5881.0,2016-08-02,1:48:13:0
GBPJPY=,134.96,134.98,134.96,5882.0,2016-08-02,1:48:14:0
GBPJPY=,134.95,135.0,134.95,5883.0,2016-08-02,1:48:17:0
GBPJPY=,134.97,134.99,134.97,5884.0,2016-08-02,1:48:17:0
GBPJPY=,134.95,135.0,134.95,5885.0,2016-08-02,1:48:21:0
GBPJPY=,134.96,135.01,134.96,5886.0,2016-08-02,1:48:25:0
GBPJPY=,134.98,135.0,134.98,5887.0,2016-08-02,1:48:26:0
GBPJPY=,134.91,135.05,134.91,5888.0,2016-08-02,1:48:28:0
GBPJPY=,134.95,135.0,134.95,5889.0,2016-08-02,1:48:29:0
GBPJPY=,134.97,134.99,134.97,5890.0,2016-08-02,1:48:29:0
GBPJPY=,134.95,135.08,134.95,5891.0,2016-08-02,1:48:30:0
GBPJPY=,134.96,134.99,134.96,5892.0,2016-08-02,1:48:32:0
GBPJPY=,134.95,135.0,134.95,5893.0,2016-08-02,1:48:33:0
GBPJPY=,134.96,134.99,134.96,5894.0,2016-08-02,1:48:35:0
GBPJPY=,134.95,135.0,134.95,5895.0,2016-08-02,1:48:37:0
GBPJPY=,134.97,134.99,134.97,5896.0,2016-08-02,1:48:38:0
GBPJPY=,134.96,135.01,134.96,5897.0,2016-08-02,1:48:41:0
GBPJPY=,134.98,135.0,134.98,5898.0,2016-08-02,1:48:43:0
GBPJPY=,134.96,135.01,134.96,5899.0,2016-08-02,1:48:45:0
GBPJPY=,134.97,135.0,134.97,5900.0,2016-08-02,1:48:47:0
GBPJPY=,134.96,135.01,134.96,5901.0,2016-08-02,1:48:49:0
GBPJPY=,134.96,135.01,134.96,5902.0,2016-08-02,1:48:53:0
GBPJPY=,134.98,135.0,134.98,5903.0,2016-08-02,1:48:57:0
GBPJPY=,134.97,135.02,134.97,5904.0,2016-08-02,1:48:58:0
GBPJPY=,134.98,135.01,134.98,5905.0,2016-08-02,1:48:59:0
GBPJPY=,134.95,135.08,134.95,5906.0,2016-08-02,1:49:0:0
GBPJPY=,134.97,135.02,134.97,5907.0,2016-08-02,1:49:1:0
GBPJPY=,134.93,135.07,134.93,5908.0,2016-08-02,1:49:2:0
GBPJPY=,134.98,135.0,134.98,5909.0,2016-08-02,1:49:2:0
GBPJPY=,134.97,134.99,134.97,5910.0,2016-08-02,1:49:5:0
GBPJPY=,134.96,135.01,134.96,5911.0,2016-08-02,1:49:5:0
GBPJPY=,134.96,135.01,134.96,5912.0,2016-08-02,1:49:17:0
GBPJPY=,134.96,135.01,134.96,5913.0,2016-08-02,1:49:20:0
GBPJPY=,134.96,135.01,134.96,5914.0,2016-08-02,1:49:22:0
GBPJPY=,134.98,134.99,134.98,5915.0,2016-08-02,1:49:24:0
GBPJPY=,134.97,135.02,134.97,5916.0,2016-08-02,1:49:27:0
GBPJPY=,134.96,135.01,134.96,5917.0,2016-08-02,1:49:29:0
GBPJPY=,134.97,134.99,134.97,5918.0,2016-08-02,1:49:31:0
GBPJPY=,134.96,135.01,134.96,5919.0,2016-08-02,1:49:31:0
GBPJPY=,134.91,135.05,134.91,5920.0,2016-08-02,1:49:32:0
GBPJPY=,134.97,135.02,134.97,5921.0,2016-08-02,1:49:33:0
GBPJPY=,134.98,134.99,134.98,5922.0,2016-08-02,1:49:33:0
GBPJPY=,134.96,135.01,134.96,5923.0,2016-08-02,1:49:37:0
GBPJPY=,134.98,135.0,134.98,5924.0,2016-08-02,1:49:41:0
GBPJPY=,134.97,135.02,134.97,5925.0,2016-08-02,1:49:42:0
GBPJPY=,134.97,135.02,134.97,5926.0,2016-08-02,1:49:45:0
GBPJPY=,134.97,135.02,134.97,5927.0,2016-08-02,1:49:50:0
GBPJPY=,134.97,135.02,134.97,5928.0,2016-08-02,1:49:54:0
GBPJPY=,134.97,135.02,134.97,5929.0,2016-08-02,1:49:57:0
GBPJPY=,135.0,135.01,135.0,5930.0,2016-08-02,1:49:58:0
GBPJPY=,134.95,135.1,134.95,5931.0,2016-08-02,1:50:0:0
GBPJPY=,135.01,135.03,135.01,5932.0,2016-08-02,1:50:1:0
GBPJPY=,135.0,135.05,135.0,5933.0,2016-08-02,1:50:1:0
GBPJPY=,134.95,135.09,134.95,5934.0,2016-08-02,1:50:2:0
GBPJPY=,135.02,135.04,135.02,5935.0,2016-08-02,1:50:4:0
GBPJPY=,135.02,135.07,135.02,5936.0,2016-08-02,1:50:5:0
GBPJPY=,135.04,135.05,135.04,5937.0,2016-08-02,1:50:6:0
GBPJPY=,135.04,135.09,135.04,5938.0,2016-08-02,1:50:10:0
GBPJPY=,135.05,135.07,135.05,5939.0,2016-08-02,1:50:10:0
GBPJPY=,135.05,135.07,135.05,5940.0,2016-08-02,1:50:13:0
GBPJPY=,135.03,135.08,135.03,5941.0,2016-08-02,1:50:13:0
GBPJPY=,135.04,135.06,135.04,5942.0,2016-08-02,1:50:15:0
GBPJPY=,135.05,135.07,135.05,5943.0,2016-08-02,1:50:18:0
GBPJPY=,135.04,135.09,135.04,5944.0,2016-08-02,1:50:18:0
GBPJPY=,135.03,135.08,135.03,5945.0,2016-08-02,1:50:22:0
GBPJPY=,135.05,135.1,135.05,5946.0,2016-08-02,1:50:26:0
GBPJPY=,135.05,135.08,135.05,5947.0,2016-08-02,1:50:26:0
GBPJPY=,135.06,135.08,135.06,5948.0,2016-08-02,1:50:28:0
GBPJPY=,135.05,135.1,135.05,5949.0,2016-08-02,1:50:29:0
GBPJPY=,135.01,135.15,135.01,5950.0,2016-08-02,1:50:30:0
GBPJPY=,134.99,135.13,134.99,5951.0,2016-08-02,1:50:32:0
GBPJPY=,135.07,135.08,135.07,5952.0,2016-08-02,1:50:32:0
GBPJPY=,135.04,135.09,135.04,5953.0,2016-08-02,1:50:34:0
GBPJPY=,135.05,135.08,135.05,5954.0,2016-08-02,1:50:35:0
GBPJPY=,135.07,135.12,135.07,5955.0,2016-08-02,1:50:37:0
GBPJPY=,135.08,135.1,135.08,5956.0,2016-08-02,1:50:38:0
GBPJPY=,135.06,135.11,135.06,5957.0,2016-08-02,1:50:41:0
GBPJPY=,135.06,135.11,135.06,5958.0,2016-08-02,1:50:45:0
GBPJPY=,135.08,135.13,135.08,5959.0,2016-08-02,1:50:49:0
GBPJPY=,135.09,135.11,135.09,5960.0,2016-08-02,1:50:50:0
GBPJPY=,135.09,135.12,135.09,5961.0,2016-08-02,1:50:52:0
GBPJPY=,135.08,135.13,135.08,5962.0,2016-08-02,1:50:53:0
GBPJPY=,135.1,135.12,135.1,5963.0,2016-08-02,1:50:55:0
GBPJPY=,135.08,135.13,135.08,5964.0,2016-08-02,1:50:57:0
GBPJPY=,135.1,135.13,135.1,5965.0,2016-08-02,1:50:58:0
GBPJPY=,135.05,135.2,135.05,5966.0,2016-08-02,1:51:0:0
GBPJPY=,135.09,135.14,135.09,5967.0,2016-08-02,1:51:1:0
GBPJPY=,135.11,135.14,135.11,5968.0,2016-08-02,1:51:1:0
GBPJPY=,135.04,135.18,135.04,5969.0,2016-08-02,1:51:2:0
GBPJPY=,135.15,135.17,135.15,5970.0,2016-08-02,1:51:4:0
GBPJPY=,135.13,135.18,135.13,5971.0,2016-08-02,1:51:5:0
GBPJPY=,135.14,135.16,135.14,5972.0,2016-08-02,1:51:8:0
GBPJPY=,135.11,135.16,135.11,5973.0,2016-08-02,1:51:10:0
GBPJPY=,135.13,135.15,135.13,5974.0,2016-08-02,1:51:11:0
GBPJPY=,135.12,135.17,135.12,5975.0,2016-08-02,1:51:14:0
GBPJPY=,135.11,135.14,135.11,5976.0,2016-08-02,1:51:17:0
GBPJPY=,135.1,135.15,135.1,5977.0,2016-08-02,1:51:17:0
GBPJPY=,135.12,135.15,135.12,5978.0,2016-08-02,1:51:19:0
GBPJPY=,135.11,135.16,135.11,5979.0,2016-08-02,1:51:22:0
GBPJPY=,135.13,135.15,135.13,5980.0,2016-08-02,1:51:22:0
GBPJPY=,135.13,135.16,135.13,5981.0,2016-08-02,1:51:25:0
GBPJPY=,135.11,135.16,135.11,5982.0,2016-08-02,1:51:25:0
GBPJPY=,135.13,135.15,135.13,5983.0,2016-08-02,1:51:28:0
GBPJPY=,135.12,135.17,135.12,5984.0,2016-08-02,1:51:30:0
GBPJPY=,135.08,135.22,135.08,5985.0,2016-08-02,1:51:30:0
GBPJPY=,135.13,135.16,135.13,5986.0,2016-08-02,1:51:31:0
GBPJPY=,135.07,135.21,135.07,5987.0,2016-08-02,1:51:31:0
GBPJPY=,135.12,135.17,135.12,5988.0,2016-08-02,1:51:33:0
GBPJPY=,135.12,135.17,135.12,5989.0,2016-08-02,1:51:38:0
GBPJPY=,135.14,135.16,135.14,5990.0,2016-08-02,1:51:39:0
GBPJPY=,135.11,135.13,135.11,5991.0,2016-08-02,1:51:41:0
GBPJPY=,135.11,135.16,135.11,5992.0,2016-08-02,1:51:42:0
GBPJPY=,135.12,135.15,135.12,5993.0,2016-08-02,1:51:45:0
GBPJPY=,135.11,135.16,135.11,5994.0,2016-08-02,1:51:45:0
GBPJPY=,135.13,135.16,135.13,5995.0,2016-08-02,1:51:47:0
GBPJPY=,135.12,135.17,135.12,5996.0,2016-08-02,1:51:49:0
GBPJPY=,135.13,135.15,135.13,5997.0,2016-08-02,1:51:50:0
GBPJPY=,135.13,135.16,135.13,5998.0,2016-08-02,1:51:53:0
GBPJPY=,135.12,135.17,135.12,5999.0,2016-08-02,1:51:53:0
GBPJPY=,135.15,135.17,135.15,6000.0,2016-08-02,1:51:56:0
GBPJPY=,135.13,135.18,135.13,6001.0,2016-08-02,1:51:57:0
GBPJPY=,135.08,135.25,135.08,6002.0,2016-08-02,1:52:0:0
GBPJPY=,135.14,135.19,135.14,6003.0,2016-08-02,1:52:1:0
GBPJPY=,135.13,135.15,135.13,6004.0,2016-08-02,1:52:4:0
GBPJPY=,135.11,135.16,135.11,6005.0,2016-08-02,1:52:5:0
GBPJPY=,135.12,135.15,135.12,6006.0,2016-08-02,1:52:7:0
GBPJPY=,135.11,135.16,135.11,6007.0,2016-08-02,1:52:9:0
GBPJPY=,135.11,135.14,135.11,6008.0,2016-08-02,1:52:10:0
GBPJPY=,135.12,135.17,135.12,6009.0,2016-08-02,1:52:13:0
GBPJPY=,135.12,135.15,135.12,6010.0,2016-08-02,1:52:13:0
GBPJPY=,135.13,135.16,135.13,6011.0,2016-08-02,1:52:16:0
GBPJPY=,135.12,135.17,135.12,6012.0,2016-08-02,1:52:17:0
GBPJPY=,135.14,135.17,135.14,6013.0,2016-08-02,1:52:19:0
GBPJPY=,135.13,135.18,135.13,6014.0,2016-08-02,1:52:21:0
GBPJPY=,135.13,135.17,135.13,6015.0,2016-08-02,1:52:22:0
GBPJPY=,135.13,135.18,135.13,6016.0,2016-08-02,1:52:25:0
GBPJPY=,135.15,135.18,135.15,6017.0,2016-08-02,1:52:25:0
GBPJPY=,135.14,135.17,135.14,6018.0,2016-08-02,1:52:28:0
GBPJPY=,135.13,135.18,135.13,6019.0,2016-08-02,1:52:29:0
GBPJPY=,135.1,135.25,135.1,6020.0,2016-08-02,1:52:30:0
GBPJPY=,135.14,135.17,135.14,6021.0,2016-08-02,1:52:31:0
GBPJPY=,135.14,135.19,135.14,6022.0,2016-08-02,1:52:33:0
GBPJPY=,135.15,135.18,135.15,6023.0,2016-08-02,1:52:34:0
GBPJPY=,135.08,135.22,135.08,6024.0,2016-08-02,1:52:36:0
GBPJPY=,135.14,135.19,135.14,6025.0,2016-08-02,1:52:37:0
GBPJPY=,135.14,135.19,135.14,6026.0,2016-08-02,1:52:41:0
GBPJPY=,135.16,135.19,135.16,6027.0,2016-08-02,1:52:43:0
GBPJPY=,135.16,135.21,135.16,6028.0,2016-08-02,1:52:44:0
GBPJPY=,135.16,135.18,135.16,6029.0,2016-08-02,1:52:46:0
GBPJPY=,135.17,135.19,135.17,6030.0,2016-08-02,1:52:49:0
GBPJPY=,135.17,135.22,135.17,6031.0,2016-08-02,1:52:49:0
GBPJPY=,135.17,135.2,135.17,6032.0,2016-08-02,1:52:52:0
GBPJPY=,135.16,135.21,135.16,6033.0,2016-08-02,1:52:53:0
GBPJPY=,135.18,135.2,135.18,6034.0,2016-08-02,1:52:56:0
GBPJPY=,135.16,135.21,135.16,6035.0,2016-08-02,1:52:58:0
GBPJPY=,135.17,135.19,135.17,6036.0,2016-08-02,1:52:58:0
GBPJPY=,135.14,135.29,135.14,6037.0,2016-08-02,1:53:0:0
GBPJPY=,135.16,135.21,135.16,6038.0,2016-08-02,1:53:1:0
GBPJPY=,135.18,135.2,135.18,6039.0,2016-08-02,1:53:1:0
GBPJPY=,135.17,135.2,135.17,6040.0,2016-08-02,1:53:5:0
GBPJPY=,135.16,135.21,135.16,6041.0,2016-08-02,1:53:5:0
GBPJPY=,135.11,135.25,135.11,6042.0,2016-08-02,1:53:5:0
GBPJPY=,135.16,135.21,135.16,6043.0,2016-08-02,1:53:9:0
GBPJPY=,135.16,135.21,135.16,6044.0,2016-08-02,1:53:13:0
GBPJPY=,135.2,135.22,135.2,6045.0,2016-08-02,1:53:14:0
GBPJPY=,135.18,135.23,135.18,6046.0,2016-08-02,1:53:17:0
GBPJPY=,135.19,135.22,135.19,6047.0,2016-08-02,1:53:17:0
GBPJPY=,135.21,135.24,135.21,6048.0,2016-08-02,1:53:20:0
GBPJPY=,135.2,135.25,135.2,6049.0,2016-08-02,1:53:21:0
GBPJPY=,135.22,135.25,135.22,6050.0,2016-08-02,1:53:23:0
GBPJPY=,135.21,135.26,135.21,6051.0,2016-08-02,1:53:25:0
GBPJPY=,135.23,135.25,135.23,6052.0,2016-08-02,1:53:26:0
GBPJPY=,135.22,135.27,135.22,6053.0,2016-08-02,1:53:29:0
GBPJPY=,135.23,135.26,135.23,6054.0,2016-08-02,1:53:29:0
GBPJPY=,135.18,135.33,135.18,6055.0,2016-08-02,1:53:30:0
GBPJPY=,135.22,135.25,135.22,6056.0,2016-08-02,1:53:33:0
GBPJPY=,135.2,135.25,135.2,6057.0,2016-08-02,1:53:33:0
GBPJPY=,135.15,135.29,135.15,6058.0,2016-08-02,1:53:36:0
GBPJPY=,135.2,135.25,135.2,6059.0,2016-08-02,1:53:37:0
GBPJPY=,135.21,135.24,135.21,6060.0,2016-08-02,1:53:39:0
GBPJPY=,135.21,135.26,135.21,6061.0,2016-08-02,1:53:41:0
GBPJPY=,135.22,135.24,135.22,6062.0,2016-08-02,1:53:43:0
GBPJPY=,135.21,135.26,135.21,6063.0,2016-08-02,1:53:45:0
GBPJPY=,135.22,135.25,135.22,6064.0,2016-08-02,1:53:45:0
GBPJPY=,135.23,135.26,135.23,6065.0,2016-08-02,1:53:48:0
GBPJPY=,135.22,135.27,135.22,6066.0,2016-08-02,1:53:49:0
GBPJPY=,135.22,135.25,135.22,6067.0,2016-08-02,1:53:52:0
GBPJPY=,135.22,135.27,135.22,6068.0,2016-08-02,1:53:53:0
GBPJPY=,135.24,135.26,135.24,6069.0,2016-08-02,1:53:54:0
GBPJPY=,135.29,135.34,135.29,6070.0,2016-08-02,1:53:57:0
GBPJPY=,135.3,135.32,135.3,6071.0,2016-08-02,1:53:57:0
GBPJPY=,135.19,135.32,135.19,6072.0,2016-08-02,1:54:0:0
GBPJPY=,135.29,135.31,135.29,6073.0,2016-08-02,1:54:0:0
GBPJPY=,135.27,135.32,135.27,6074.0,2016-08-02,1:54:1:0
GBPJPY=,135.32,135.35,135.32,6075.0,2016-08-02,1:54:3:0
GBPJPY=,135.32,135.37,135.32,6076.0,2016-08-02,1:54:5:0
GBPJPY=,135.26,135.4,135.26,6077.0,2016-08-02,1:54:6:0
GBPJPY=,135.33,135.36,135.33,6078.0,2016-08-02,1:54:6:0
GBPJPY=,135.38,135.43,135.38,6079.0,2016-08-02,1:54:9:0
GBPJPY=,135.4,135.43,135.4,6080.0,2016-08-02,1:54:9:0
GBPJPY=,135.32,135.34,135.32,6081.0,2016-08-02,1:54:12:0
GBPJPY=,135.3,135.35,135.3,6082.0,2016-08-02,1:54:13:0
GBPJPY=,135.33,135.36,135.33,6083.0,2016-08-02,1:54:15:0
GBPJPY=,135.33,135.38,135.33,6084.0,2016-08-02,1:54:17:0
GBPJPY=,135.34,135.37,135.34,6085.0,2016-08-02,1:54:18:0
GBPJPY=,135.33,135.38,135.33,6086.0,2016-08-02,1:54:21:0
GBPJPY=,135.35,135.37,135.35,6087.0,2016-08-02,1:54:22:0
GBPJPY=,135.34,135.39,135.34,6088.0,2016-08-02,1:54:25:0
GBPJPY=,135.35,135.38,135.35,6089.0,2016-08-02,1:54:25:0
GBPJPY=,135.39,135.43,135.39,6090.0,2016-08-02,1:54:28:0
GBPJPY=,135.44,135.49,135.44,6091.0,2016-08-02,1:54:29:0
GBPJPY=,135.32,135.46,135.32,6092.0,2016-08-02,1:54:30:0
GBPJPY=,135.41,135.45,135.41,6093.0,2016-08-02,1:54:31:0
GBPJPY=,135.4,135.45,135.4,6094.0,2016-08-02,1:54:33:0
GBPJPY=,135.4,135.43,135.4,6095.0,2016-08-02,1:54:35:0
GBPJPY=,135.35,135.49,135.35,6096.0,2016-08-02,1:54:36:0
GBPJPY=,135.39,135.44,135.39,6097.0,2016-08-02,1:54:37:0
GBPJPY=,135.4,135.42,135.4,6098.0,2016-08-02,1:54:38:0
GBPJPY=,135.39,135.42,135.39,6099.0,2016-08-02,1:54:41:0
GBPJPY=,135.38,135.43,135.38,6100.0,2016-08-02,1:54:41:0
GBPJPY=,135.39,135.41,135.39,6101.0,2016-08-02,1:54:44:0
GBPJPY=,135.38,135.43,135.38,6102.0,2016-08-02,1:54:45:0
GBPJPY=,135.39,135.42,135.39,6103.0,2016-08-02,1:54:47:0
GBPJPY=,135.36,135.41,135.36,6104.0,2016-08-02,1:54:49:0
GBPJPY=,135.37,135.4,135.37,6105.0,2016-08-02,1:54:49:0
GBPJPY=,135.36,135.39,135.36,6106.0,2016-08-02,1:54:52:0
GBPJPY=,135.35,135.4,135.35,6107.0,2016-08-02,1:54:53:0
GBPJPY=,135.35,135.38,135.35,6108.0,2016-08-02,1:54:55:0
GBPJPY=,135.34,135.39,135.34,6109.0,2016-08-02,1:54:57:0
GBPJPY=,135.35,135.39,135.35,6110.0,2016-08-02,1:54:58:0
GBPJPY=,135.31,135.49,135.31,6111.0,2016-08-02,1:55:0:0
GBPJPY=,135.32,135.37,135.32,6112.0,2016-08-02,1:55:1:0
GBPJPY=,135.33,135.36,135.33,6113.0,2016-08-02,1:55:1:0
GBPJPY=,135.34,135.37,135.34,6114.0,2016-08-02,1:55:4:0
GBPJPY=,135.33,135.38,135.33,6115.0,2016-08-02,1:55:5:0
GBPJPY=,135.27,135.41,135.27,6116.0,2016-08-02,1:55:5:0
GBPJPY=,135.33,135.36,135.33,6117.0,2016-08-02,1:55:7:0
GBPJPY=,135.32,135.37,135.32,6118.0,2016-08-02,1:55:9:0
GBPJPY=,135.32,135.35,135.32,6119.0,2016-08-02,1:55:11:0
GBPJPY=,135.33,135.36,135.33,6120.0,2016-08-02,1:55:14:0
GBPJPY=,135.32,135.37,135.32,6121.0,2016-08-02,1:55:14:0
GBPJPY=,135.33,135.37,135.33,6122.0,2016-08-02,1:55:17:0
GBPJPY=,135.33,135.38,135.33,6123.0,2016-08-02,1:55:17:0
GBPJPY=,135.33,135.36,135.33,6124.0,2016-08-02,1:55:20:0
GBPJPY=,135.32,135.37,135.32,6125.0,2016-08-02,1:55:21:0
GBPJPY=,135.32,135.35,135.32,6126.0,2016-08-02,1:55:25:0
GBPJPY=,135.31,135.36,135.31,6127.0,2016-08-02,1:55:25:0
GBPJPY=,135.33,135.36,135.33,6128.0,2016-08-02,1:55:29:0
GBPJPY=,135.32,135.37,135.32,6129.0,2016-08-02,1:55:29:0
GBPJPY=,135.28,135.45,135.28,6130.0,2016-08-02,1:55:30:0
GBPJPY=,135.32,135.35,135.32,6131.0,2016-08-02,1:55:32:0
GBPJPY=,135.31,135.36,135.31,6132.0,2016-08-02,1:55:33:0
GBPJPY=,135.33,135.36,135.33,6133.0,2016-08-02,1:55:35:0
GBPJPY=,135.26,135.4,135.26,6134.0,2016-08-02,1:55:35:0
GBPJPY=,135.31,135.36,135.31,6135.0,2016-08-02,1:55:37:0
GBPJPY=,135.32,135.37,135.32,6136.0,2016-08-02,1:55:41:0
GBPJPY=,135.32,135.35,135.32,6137.0,2016-08-02,1:55:41:0
GBPJPY=,135.33,135.37,135.33,6138.0,2016-08-02,1:55:44:0
GBPJPY=,135.32,135.37,135.32,6139.0,2016-08-02,1:55:45:0
GBPJPY=,135.33,135.36,135.33,6140.0,2016-08-02,1:55:47:0
GBPJPY=,135.32,135.37,135.32,6141.0,2016-08-02,1:55:49:0
GBPJPY=,135.32,135.37,135.32,6142.0,2016-08-02,1:55:54:0
GBPJPY=,135.32,135.37,135.32,6143.0,2016-08-02,1:55:57:0
GBPJPY=,135.32,135.35,135.32,6144.0,2016-08-02,1:55:59:0
GBPJPY=,135.28,135.45,135.28,6145.0,2016-08-02,1:56:0:0
GBPJPY=,135.31,135.36,135.31,6146.0,2016-08-02,1:56:1:0
GBPJPY=,135.31,135.34,135.31,6147.0,2016-08-02,1:56:5:0
GBPJPY=,135.3,135.35,135.3,6148.0,2016-08-02,1:56:5:0
GBPJPY=,135.24,135.38,135.24,6149.0,2016-08-02,1:56:5:0
GBPJPY=,135.3,135.33,135.3,6150.0,2016-08-02,1:56:9:0
GBPJPY=,135.29,135.34,135.29,6151.0,2016-08-02,1:56:10:0
GBPJPY=,135.31,135.34,135.31,6152.0,2016-08-02,1:56:11:0
GBPJPY=,135.3,135.35,135.3,6153.0,2016-08-02,1:56:13:0
GBPJPY=,135.3,135.33,135.3,6154.0,2016-08-02,1:56:14:0
GBPJPY=,135.29,135.34,135.29,6155.0,2016-08-02,1:56:17:0
GBPJPY=,135.3,135.35,135.3,6156.0,2016-08-02,1:56:21:0
GBPJPY=,135.29,135.34,135.29,6157.0,2016-08-02,1:56:25:0
GBPJPY=,135.29,135.32,135.29,6158.0,2016-08-02,1:56:27:0
GBPJPY=,135.28,135.33,135.28,6159.0,2016-08-02,1:56:29:0
GBPJPY=,135.28,135.31,135.28,6160.0,2016-08-02,1:56:29:0
GBPJPY=,135.27,135.41,135.27,6161.0,2016-08-02,1:56:30:0
GBPJPY=,135.28,135.33,135.28,6162.0,2016-08-02,1:56:33:0
GBPJPY=,135.22,135.36,135.22,6163.0,2016-08-02,1:56:36:0
GBPJPY=,135.26,135.31,135.26,6164.0,2016-08-02,1:56:37:0
GBPJPY=,135.27,135.3,135.27,6165.0,2016-08-02,1:56:37:0
GBPJPY=,135.26,135.31,135.26,6166.0,2016-08-02,1:56:41:0
GBPJPY=,135.27,135.29,135.27,6167.0,2016-08-02,1:56:43:0
GBPJPY=,135.24,135.29,135.24,6168.0,2016-08-02,1:56:45:0
GBPJPY=,135.25,135.28,135.25,6169.0,2016-08-02,1:56:45:0
GBPJPY=,135.24,135.29,135.24,6170.0,2016-08-02,1:56:49:0
GBPJPY=,135.25,135.3,135.25,6171.0,2016-08-02,1:56:53:0
GBPJPY=,135.25,135.29,135.25,6172.0,2016-08-02,1:56:53:0
GBPJPY=,135.24,135.29,135.24,6173.0,2016-08-02,1:56:57:0
GBPJPY=,135.25,135.28,135.25,6174.0,2016-08-02,1:56:58:0
GBPJPY=,135.23,135.37,135.23,6175.0,2016-08-02,1:57:0:0
GBPJPY=,135.24,135.29,135.24,6176.0,2016-08-02,1:57:1:0
GBPJPY=,135.24,135.27,135.24,6177.0,2016-08-02,1:57:2:0
GBPJPY=,135.22,135.27,135.22,6178.0,2016-08-02,1:57:5:0
GBPJPY=,135.17,135.31,135.17,6179.0,2016-08-02,1:57:6:0
GBPJPY=,135.23,135.26,135.23,6180.0,2016-08-02,1:57:6:0
GBPJPY=,135.23,135.27,135.23,6181.0,2016-08-02,1:57:8:0
GBPJPY=,135.23,135.28,135.23,6182.0,2016-08-02,1:57:9:0
GBPJPY=,135.22,135.25,135.22,6183.0,2016-08-02,1:57:11:0
GBPJPY=,135.23,135.28,135.23,6184.0,2016-08-02,1:57:13:0
GBPJPY=,135.24,135.27,135.24,6185.0,2016-08-02,1:57:14:0
GBPJPY=,135.23,135.28,135.23,6186.0,2016-08-02,1:57:17:0
GBPJPY=,135.23,135.26,135.23,6187.0,2016-08-02,1:57:18:0
GBPJPY=,135.22,135.27,135.22,6188.0,2016-08-02,1:57:21:0
GBPJPY=,135.18,135.21,135.18,6189.0,2016-08-02,1:57:22:0
GBPJPY=,135.19,135.22,135.19,6190.0,2016-08-02,1:57:25:0
GBPJPY=,135.18,135.23,135.18,6191.0,2016-08-02,1:57:25:0
GBPJPY=,135.18,135.21,135.18,6192.0,2016-08-02,1:57:27:0
GBPJPY=,135.19,135.24,135.19,6193.0,2016-08-02,1:57:29:0
GBPJPY=,135.18,135.35,135.18,6194.0,2016-08-02,1:57:30:0
GBPJPY=,135.2,135.22,135.2,6195.0,2016-08-02,1:57:30:0
GBPJPY=,135.19,135.24,135.19,6196.0,2016-08-02,1:57:33:0
GBPJPY=,135.2,135.23,135.2,6197.0,2016-08-02,1:57:33:0
GBPJPY=,135.13,135.27,135.13,6198.0,2016-08-02,1:57:36:0
GBPJPY=,135.19,135.23,135.19,6199.0,2016-08-02,1:57:36:0
GBPJPY=,135.18,135.23,135.18,6200.0,2016-08-02,1:57:37:0
GBPJPY=,135.19,135.22,135.19,6201.0,2016-08-02,1:57:39:0
GBPJPY=,135.18,135.23,135.18,6202.0,2016-08-02,1:57:41:0
GBPJPY=,135.2,135.23,135.2,6203.0,2016-08-02,1:57:42:0
GBPJPY=,135.19,135.24,135.19,6204.0,2016-08-02,1:57:45:0
GBPJPY=,135.18,135.23,135.18,6205.0,2016-08-02,1:57:49:0
GBPJPY=,135.19,135.24,135.19,6206.0,2016-08-02,1:57:53:0
GBPJPY=,135.21,135.24,135.21,6207.0,2016-08-02,1:57:56:0
GBPJPY=,135.2,135.25,135.2,6208.0,2016-08-02,1:57:57:0
GBPJPY=,135.22,135.25,135.22,6209.0,2016-08-02,1:58:0:0
GBPJPY=,135.15,135.31,135.15,6210.0,2016-08-02,1:58:0:0
GBPJPY=,135.19,135.24,135.19,6211.0,2016-08-02,1:58:1:0
GBPJPY=,135.21,135.24,135.21,6212.0,2016-08-02,1:58:3:0
GBPJPY=,135.2,135.25,135.2,6213.0,2016-08-02,1:58:5:0
GBPJPY=,135.14,135.28,135.14,6214.0,2016-08-02,1:58:6:0
GBPJPY=,135.22,135.25,135.22,6215.0,2016-08-02,1:58:6:0
GBPJPY=,135.21,135.23,135.21,6216.0,2016-08-02,1:58:8:0
GBPJPY=,135.19,135.24,135.19,6217.0,2016-08-02,1:58:9:0
GBPJPY=,135.21,135.24,135.21,6218.0,2016-08-02,1:58:12:0
GBPJPY=,135.2,135.25,135.2,6219.0,2016-08-02,1:58:13:0
GBPJPY=,135.2,135.25,135.2,6220.0,2016-08-02,1:58:19:0
GBPJPY=,135.22,135.25,135.22,6221.0,2016-08-02,1:58:21:0
GBPJPY=,135.21,135.26,135.21,6222.0,2016-08-02,1:58:25:0
GBPJPY=,135.2,135.25,135.2,6223.0,2016-08-02,1:58:26:0
GBPJPY=,135.23,135.25,135.23,6224.0,2016-08-02,1:58:29:0
GBPJPY=,135.2,135.25,135.2,6225.0,2016-08-02,1:58:29:0
GBPJPY=,135.18,135.33,135.18,6226.0,2016-08-02,1:58:30:0
GBPJPY=,135.24,135.26,135.24,6227.0,2016-08-02,1:58:31:0
GBPJPY=,135.22,135.27,135.22,6228.0,2016-08-02,1:58:33:0
GBPJPY=,135.25,135.27,135.25,6229.0,2016-08-02,1:58:35:0
GBPJPY=,135.17,135.31,135.17,6230.0,2016-08-02,1:58:36:0
GBPJPY=,135.25,135.28,135.25,6231.0,2016-08-02,1:58:37:0
GBPJPY=,135.23,135.28,135.23,6232.0,2016-08-02,1:58:37:0
GBPJPY=,135.26,135.28,135.26,6233.0,2016-08-02,1:58:40:0
GBPJPY=,135.24,135.29,135.24,6234.0,2016-08-02,1:58:41:0
GBPJPY=,135.26,135.29,135.26,6235.0,2016-08-02,1:58:45:0
GBPJPY=,135.24,135.29,135.24,6236.0,2016-08-02,1:58:45:0
GBPJPY=,135.25,135.28,135.25,6237.0,2016-08-02,1:58:49:0
GBPJPY=,135.24,135.29,135.24,6238.0,2016-08-02,1:58:49:0
GBPJPY=,135.23,135.28,135.23,6239.0,2016-08-02,1:58:53:0
GBPJPY=,135.25,135.27,135.25,6240.0,2016-08-02,1:58:54:0
GBPJPY=,135.25,135.28,135.25,6241.0,2016-08-02,1:58:57:0
GBPJPY=,135.24,135.29,135.24,6242.0,2016-08-02,1:58:58:0
GBPJPY=,135.22,135.38,135.22,6243.0,2016-08-02,1:59:0:0
GBPJPY=,135.26,135.28,135.26,6244.0,2016-08-02,1:59:0:0
GBPJPY=,135.25,135.3,135.25,6245.0,2016-08-02,1:59:1:0
GBPJPY=,135.27,135.29,135.27,6246.0,2016-08-02,1:59:3:0
GBPJPY=,135.26,135.31,135.26,6247.0,2016-08-02,1:59:5:0
GBPJPY=,135.2,135.34,135.2,6248.0,2016-08-02,1:59:6:0
GBPJPY=,135.27,135.3,135.27,6249.0,2016-08-02,1:59:6:0
GBPJPY=,135.28,135.3,135.28,6250.0,2016-08-02,1:59:9:0
GBPJPY=,135.25,135.3,135.25,6251.0,2016-08-02,1:59:11:0
GBPJPY=,135.27,135.3,135.27,6252.0,2016-08-02,1:59:12:0
GBPJPY=,135.25,135.3,135.25,6253.0,2016-08-02,1:59:13:0
GBPJPY=,135.26,135.29,135.26,6254.0,2016-08-02,1:59:15:0
GBPJPY=,135.25,135.3,135.25,6255.0,2016-08-02,1:59:17:0
GBPJPY=,135.27,135.3,135.27,6256.0,2016-08-02,1:59:18:0
GBPJPY=,135.25,135.3,135.25,6257.0,2016-08-02,1:59:23:0
GBPJPY=,135.26,135.29,135.26,6258.0,2016-08-02,1:59:24:0
GBPJPY=,135.25,135.3,135.25,6259.0,2016-08-02,1:59:25:0
GBPJPY=,135.25,135.28,135.25,6260.0,2016-08-02,1:59:28:0
GBPJPY=,135.23,135.28,135.23,6261.0,2016-08-02,1:59:30:0
GBPJPY=,135.23,135.38,135.23,6262.0,2016-08-02,1:59:30:0
GBPJPY=,135.24,135.29,135.24,6263.0,2016-08-02,1:59:33:0
GBPJPY=,135.26,135.29,135.26,6264.0,2016-08-02,1:59:34:0
GBPJPY=,135.24,135.29,135.24,6265.0,2016-08-02,1:59:37:0
GBPJPY=,135.25,135.28,135.25,6266.0,2016-08-02,1:59:40:0
GBPJPY=,135.24,135.29,135.24,6267.0,2016-08-02,1:59:41:0
GBPJPY=,135.26,135.28,135.26,6268.0,2016-08-02,1:59:42:0
GBPJPY=,135.19,135.33,135.19,6269.0,2016-08-02,1:59:44:0
GBPJPY=,135.24,135.29,135.24,6270.0,2016-08-02,1:59:45:0
GBPJPY=,135.26,135.29,135.26,6271.0,2016-08-02,1:59:45:0
GBPJPY=,135.24,135.29,135.24,6272.0,2016-08-02,1:59:52:0
GBPJPY=,135.24,135.29,135.24,6273.0,2016-08-02,1:59:53:0
GBPJPY=,135.26,135.28,135.26,6274.0,2016-08-02,1:59:53:0
GBPJPY=,135.26,135.29,135.26,6275.0,2016-08-02,1:59:56:0
GBPJPY=,135.24,135.29,135.24,6276.0,2016-08-02,1:59:57:0
GBPJPY=,135.28,135.3,135.28,6277.0,2016-08-02,1:59:59:0
GBPJPY=,135.22,135.37,135.22,6278.0,2016-08-02,2:0:0:0
GBPJPY=,135.26,135.31,135.26,6279.0,2016-08-02,2:0:1:0
GBPJPY=,135.26,135.31,135.26,6280.0,2016-08-02,2:0:5:0
GBPJPY=,135.26,135.31,135.26,6281.0,2016-08-02,2:0:9:0
GBPJPY=,135.27,135.3,135.27,6282.0,2016-08-02,2:0:9:0
GBPJPY=,135.29,135.31,135.29,6283.0,2016-08-02,2:0:12:0
GBPJPY=,135.28,135.33,135.28,6284.0,2016-08-02,2:0:14:0
GBPJPY=,135.3,135.32,135.3,6285.0,2016-08-02,2:0:15:0
GBPJPY=,135.22,135.36,135.22,6286.0,2016-08-02,2:0:16:0
GBPJPY=,135.28,135.33,135.28,6287.0,2016-08-02,2:0:17:0
GBPJPY=,135.29,135.32,135.29,6288.0,2016-08-02,2:0:18:0
GBPJPY=,135.31,135.33,135.31,6289.0,2016-08-02,2:0:21:0
GBPJPY=,135.29,135.34,135.29,6290.0,2016-08-02,2:0:22:0
GBPJPY=,135.32,135.34,135.32,6291.0,2016-08-02,2:0:24:0
GBPJPY=,135.3,135.35,135.3,6292.0,2016-08-02,2:0:25:0
GBPJPY=,135.3,135.33,135.3,6293.0,2016-08-02,2:0:28:0
GBPJPY=,135.29,135.34,135.29,6294.0,2016-08-02,2:0:29:0
GBPJPY=,135.25,135.4,135.25,6295.0,2016-08-02,2:0:30:0
GBPJPY=,135.29,135.34,135.29,6296.0,2016-08-02,2:0:33:0
GBPJPY=,135.31,135.34,135.31,6297.0,2016-08-02,2:0:35:0
GBPJPY=,135.3,135.35,135.3,6298.0,2016-08-02,2:0:37:0
GBPJPY=,135.3,135.35,135.3,6299.0,2016-08-02,2:0:41:0
GBPJPY=,135.3,135.33,135.3,6300.0,2016-08-02,2:0:42:0
GBPJPY=,135.29,135.34,135.29,6301.0,2016-08-02,2:0:45:0
GBPJPY=,135.28,135.33,135.28,6302.0,2016-08-02,2:0:49:0
GBPJPY=,135.29,135.32,135.29,6303.0,2016-08-02,2:0:49:0
GBPJPY=,135.28,135.33,135.28,6304.0,2016-08-02,2:0:53:0
GBPJPY=,135.28,135.33,135.28,6305.0,2016-08-02,2:0:57:0
GBPJPY=,135.26,135.41,135.26,6306.0,2016-08-02,2:1:0:0
GBPJPY=,135.31,135.33,135.31,6307.0,2016-08-02,2:1:2:0
GBPJPY=,135.29,135.34,135.29,6308.0,2016-08-02,2:1:2:0
GBPJPY=,135.3,135.35,135.3,6309.0,2016-08-02,2:1:5:0
GBPJPY=,135.32,135.34,135.32,6310.0,2016-08-02,2:1:6:0
GBPJPY=,135.3,135.35,135.3,6311.0,2016-08-02,2:1:10:0
GBPJPY=,135.3,135.35,135.3,6312.0,2016-08-02,2:1:14:0
GBPJPY=,135.3,135.35,135.3,6313.0,2016-08-02,2:1:17:0
GBPJPY=,135.3,135.35,135.3,6314.0,2016-08-02,2:1:21:0
GBPJPY=,135.3,135.35,135.3,6315.0,2016-08-02,2:1:27:0
GBPJPY=,135.27,135.41,135.27,6316.0,2016-08-02,2:1:30:0
GBPJPY=,135.25,135.39,135.25,6317.0,2016-08-02,2:1:34:0
GBPJPY=,135.29,135.34,135.29,6318.0,2016-08-02,2:1:35:0
GBPJPY=,135.31,135.33,135.31,6319.0,2016-08-02,2:1:35:0
GBPJPY=,135.3,135.35,135.3,6320.0,2016-08-02,2:1:38:0
GBPJPY=,135.32,135.34,135.32,6321.0,2016-08-02,2:1:39:0
GBPJPY=,135.29,135.34,135.29,6322.0,2016-08-02,2:1:41:0
GBPJPY=,135.31,135.33,135.31,6323.0,2016-08-02,2:1:41:0
GBPJPY=,135.29,135.34,135.29,6324.0,2016-08-02,2:1:42:0
GBPJPY=,135.29,135.34,135.29,6325.0,2016-08-02,2:1:45:0
GBPJPY=,135.29,135.34,135.29,6326.0,2016-08-02,2:1:49:0
GBPJPY=,135.29,135.34,135.29,6327.0,2016-08-02,2:1:53:0
GBPJPY=,135.34,135.36,135.34,6328.0,2016-08-02,2:1:54:0
GBPJPY=,135.33,135.38,135.33,6329.0,2016-08-02,2:1:57:0
GBPJPY=,135.34,135.37,135.34,6330.0,2016-08-02,2:1:57:0
GBPJPY=,135.28,135.41,135.28,6331.0,2016-08-02,2:2:0:0
GBPJPY=,135.33,135.38,135.33,6332.0,2016-08-02,2:2:1:0
GBPJPY=,135.27,135.41,135.27,6333.0,2016-08-02,2:2:4:0
GBPJPY=,135.33,135.35,135.33,6334.0,2016-08-02,2:2:5:0
GBPJPY=,135.31,135.36,135.31,6335.0,2016-08-02,2:2:5:0
GBPJPY=,135.33,135.36,135.33,6336.0,2016-08-02,2:2:7:0
GBPJPY=,135.32,135.37,135.32,6337.0,2016-08-02,2:2:9:0
GBPJPY=,135.34,135.36,135.34,6338.0,2016-08-02,2:2:10:0
GBPJPY=,135.37,135.39,135.37,6339.0,2016-08-02,2:2:13:0
GBPJPY=,135.35,135.4,135.35,6340.0,2016-08-02,2:2:14:0
GBPJPY=,135.38,135.39,135.38,6341.0,2016-08-02,2:2:17:0
GBPJPY=,135.35,135.4,135.35,6342.0,2016-08-02,2:2:17:0
GBPJPY=,135.37,135.39,135.37,6343.0,2016-08-02,2:2:20:0
GBPJPY=,135.36,135.41,135.36,6344.0,2016-08-02,2:2:21:0
GBPJPY=,135.37,135.4,135.37,6345.0,2016-08-02,2:2:22:0
GBPJPY=,135.36,135.41,135.36,6346.0,2016-08-02,2:2:25:0
GBPJPY=,135.38,135.4,135.38,6347.0,2016-08-02,2:2:25:0
GBPJPY=,135.39,135.41,135.39,6348.0,2016-08-02,2:2:28:0
GBPJPY=,135.37,135.42,135.37,6349.0,2016-08-02,2:2:30:0
GBPJPY=,135.35,135.49,135.35,6350.0,2016-08-02,2:2:30:0
GBPJPY=,135.37,135.42,135.37,6351.0,2016-08-02,2:2:33:0
GBPJPY=,135.32,135.46,135.32,6352.0,2016-08-02,2:2:34:0
GBPJPY=,135.38,135.41,135.38,6353.0,2016-08-02,2:2:35:0
GBPJPY=,135.38,135.43,135.38,6354.0,2016-08-02,2:2:37:0
GBPJPY=,135.4,135.42,135.4,6355.0,2016-08-02,2:2:38:0
GBPJPY=,135.38,135.43,135.38,6356.0,2016-08-02,2:2:41:0
GBPJPY=,135.4,135.43,135.4,6357.0,2016-08-02,2:2:45:0
GBPJPY=,135.4,135.45,135.4,6358.0,2016-08-02,2:2:45:0
GBPJPY=,135.42,135.44,135.42,6359.0,2016-08-02,2:2:47:0
GBPJPY=,135.41,135.46,135.41,6360.0,2016-08-02,2:2:49:0
GBPJPY=,135.43,135.46,135.43,6361.0,2016-08-02,2:2:53:0
GBPJPY=,135.41,135.46,135.41,6362.0,2016-08-02,2:2:53:0
GBPJPY=,135.42,135.44,135.42,6363.0,2016-08-02,2:2:55:0
GBPJPY=,135.4,135.45,135.4,6364.0,2016-08-02,2:2:57:0
GBPJPY=,135.36,135.53,135.36,6365.0,2016-08-02,2:3:0:0
GBPJPY=,135.41,135.46,135.41,6366.0,2016-08-02,2:3:1:0
GBPJPY=,135.41,135.44,135.41,6367.0,2016-08-02,2:3:3:0
GBPJPY=,135.4,135.45,135.4,6368.0,2016-08-02,2:3:5:0
GBPJPY=,135.35,135.49,135.35,6369.0,2016-08-02,2:3:6:0
GBPJPY=,135.41,135.43,135.41,6370.0,2016-08-02,2:3:7:0
GBPJPY=,135.37,135.42,135.37,6371.0,2016-08-02,2:3:9:0
GBPJPY=,135.38,135.41,135.38,6372.0,2016-08-02,2:3:9:0
GBPJPY=,135.38,135.4,135.38,6373.0,2016-08-02,2:3:12:0
GBPJPY=,135.38,135.43,135.38,6374.0,2016-08-02,2:3:13:0
GBPJPY=,135.39,135.42,135.39,6375.0,2016-08-02,2:3:15:0
GBPJPY=,135.39,135.44,135.39,6376.0,2016-08-02,2:3:17:0
GBPJPY=,135.42,135.45,135.42,6377.0,2016-08-02,2:3:19:0
GBPJPY=,135.41,135.46,135.41,6378.0,2016-08-02,2:3:21:0
GBPJPY=,135.41,135.43,135.41,6379.0,2016-08-02,2:3:23:0
GBPJPY=,135.37,135.42,135.37,6380.0,2016-08-02,2:3:25:0
GBPJPY=,135.39,135.41,135.39,6381.0,2016-08-02,2:3:25:0
GBPJPY=,135.4,135.43,135.4,6382.0,2016-08-02,2:3:28:0
GBPJPY=,135.38,135.43,135.38,6383.0,2016-08-02,2:3:29:0
GBPJPY=,135.38,135.53,135.38,6384.0,2016-08-02,2:3:30:0
GBPJPY=,135.39,135.42,135.39,6385.0,2016-08-02,2:3:31:0
GBPJPY=,135.38,135.43,135.38,6386.0,2016-08-02,2:3:33:0
GBPJPY=,135.39,135.41,135.39,6387.0,2016-08-02,2:3:34:0
GBPJPY=,135.31,135.45,135.31,6388.0,2016-08-02,2:3:36:0
GBPJPY=,135.36,135.41,135.36,6389.0,2016-08-02,2:3:37:0
GBPJPY=,135.38,135.4,135.38,6390.0,2016-08-02,2:3:37:0
GBPJPY=,135.37,135.4,135.37,6391.0,2016-08-02,2:3:40:0
GBPJPY=,135.36,135.41,135.36,6392.0,2016-08-02,2:3:41:0
GBPJPY=,135.36,135.41,135.36,6393.0,2016-08-02,2:3:45:0
GBPJPY=,135.39,135.42,135.39,6394.0,2016-08-02,2:3:47:0
GBPJPY=,135.38,135.43,135.38,6395.0,2016-08-02,2:3:50:0
GBPJPY=,135.38,135.41,135.38,6396.0,2016-08-02,2:3:53:0
GBPJPY=,135.37,135.42,135.37,6397.0,2016-08-02,2:3:53:0
GBPJPY=,135.36,135.39,135.36,6398.0,2016-08-02,2:3:55:0
GBPJPY=,135.36,135.41,135.36,6399.0,2016-08-02,2:3:57:0
GBPJPY=,135.37,135.4,135.37,6400.0,2016-08-02,2:3:58:0
GBPJPY=,135.35,135.49,135.35,6401.0,2016-08-02,2:4:0:0
GBPJPY=,135.36,135.41,135.36,6402.0,2016-08-02,2:4:1:0
GBPJPY=,135.38,135.4,135.38,6403.0,2016-08-02,2:4:5:0
GBPJPY=,135.36,135.41,135.36,6404.0,2016-08-02,2:4:5:0
GBPJPY=,135.37,135.4,135.37,6405.0,2016-08-02,2:4:7:0
GBPJPY=,135.36,135.41,135.36,6406.0,2016-08-02,2:4:9:0
GBPJPY=,135.36,135.41,135.36,6407.0,2016-08-02,2:4:13:0
GBPJPY=,135.36,135.41,135.36,6408.0,2016-08-02,2:4:17:0
GBPJPY=,135.34,135.37,135.34,6409.0,2016-08-02,2:4:19:0
GBPJPY=,135.33,135.38,135.33,6410.0,2016-08-02,2:4:21:0
GBPJPY=,135.35,135.37,135.35,6411.0,2016-08-02,2:4:21:0
GBPJPY=,135.35,135.38,135.35,6412.0,2016-08-02,2:4:24:0
GBPJPY=,135.34,135.39,135.34,6413.0,2016-08-02,2:4:25:0
GBPJPY=,135.35,135.37,135.35,6414.0,2016-08-02,2:4:29:0
GBPJPY=,135.33,135.48,135.33,6415.0,2016-08-02,2:4:30:0
GBPJPY=,135.29,135.43,135.29,6416.0,2016-08-02,2:4:38:0
GBPJPY=,135.35,135.38,135.35,6417.0,2016-08-02,2:4:39:0
GBPJPY=,135.34,135.39,135.34,6418.0,2016-08-02,2:4:39:0
GBPJPY=,135.36,135.41,135.36,6419.0,2016-08-02,2:4:41:0
GBPJPY=,135.36,135.41,135.36,6420.0,2016-08-02,2:4:42:0
GBPJPY=,135.36,135.39,135.36,6421.0,2016-08-02,2:4:43:0
GBPJPY=,135.35,135.4,135.35,6422.0,2016-08-02,2:4:43:0
GBPJPY=,135.35,135.4,135.35,6423.0,2016-08-02,2:4:46:0
GBPJPY=,135.35,135.38,135.35,6424.0,2016-08-02,2:4:47:0
GBPJPY=,135.35,135.37,135.35,6425.0,2016-08-02,2:4:49:0
GBPJPY=,135.34,135.39,135.34,6426.0,2016-08-02,2:4:49:0
GBPJPY=,135.34,135.37,135.34,6427.0,2016-08-02,2:4:52:0
GBPJPY=,135.34,135.39,135.34,6428.0,2016-08-02,2:4:53:0
GBPJPY=,135.36,135.38,135.36,6429.0,2016-08-02,2:4:55:0
GBPJPY=,135.35,135.4,135.35,6430.0,2016-08-02,2:4:57:0
GBPJPY=,135.36,135.39,135.36,6431.0,2016-08-02,2:4:58:0
GBPJPY=,135.33,135.47,135.33,6432.0,2016-08-02,2:5:0:0
GBPJPY=,135.36,135.41,135.36,6433.0,2016-08-02,2:5:2:0
GBPJPY=,135.35,135.4,135.35,6434.0,2016-08-02,2:5:6:0
GBPJPY=,135.31,135.45,135.31,6435.0,2016-08-02,2:5:8:0
GBPJPY=,135.35,135.4,135.35,6436.0,2016-08-02,2:5:15:0
GBPJPY=,135.34,135.39,135.34,6437.0,2016-08-02,2:5:16:0
GBPJPY=,135.33,135.38,135.33,6438.0,2016-08-02,2:5:17:0
GBPJPY=,135.34,135.37,135.34,6439.0,2016-08-02,2:5:17:0
GBPJPY=,135.35,135.38,135.35,6440.0,2016-08-02,2:5:19:0
GBPJPY=,135.34,135.39,135.34,6441.0,2016-08-02,2:5:21:0
GBPJPY=,135.36,135.38,135.36,6442.0,2016-08-02,2:5:22:0
GBPJPY=,135.35,135.38,135.35,6443.0,2016-08-02,2:5:25:0
GBPJPY=,135.34,135.39,135.34,6444.0,2016-08-02,2:5:26:0
GBPJPY=,135.36,135.39,135.36,6445.0,2016-08-02,2:5:28:0
GBPJPY=,135.35,135.4,135.35,6446.0,2016-08-02,2:5:30:0
GBPJPY=,135.32,135.47,135.32,6447.0,2016-08-02,2:5:30:0
GBPJPY=,135.36,135.4,135.36,6448.0,2016-08-02,2:5:33:0
GBPJPY=,135.36,135.41,135.36,6449.0,2016-08-02,2:5:34:0
GBPJPY=,135.36,135.38,135.36,6450.0,2016-08-02,2:5:36:0
GBPJPY=,135.34,135.39,135.34,6451.0,2016-08-02,2:5:38:0
GBPJPY=,135.29,135.43,135.29,6452.0,2016-08-02,2:5:38:0
GBPJPY=,135.37,135.39,135.37,6453.0,2016-08-02,2:5:40:0
GBPJPY=,135.36,135.41,135.36,6454.0,2016-08-02,2:5:41:0
GBPJPY=,135.36,135.41,135.36,6455.0,2016-08-02,2:5:49:0
GBPJPY=,135.38,135.4,135.38,6456.0,2016-08-02,2:5:51:0
GBPJPY=,135.36,135.41,135.36,6457.0,2016-08-02,2:5:51:0
GBPJPY=,135.36,135.41,135.36,6458.0,2016-08-02,2:5:55:0
GBPJPY=,135.37,135.39,135.37,6459.0,2016-08-02,2:5:56:0
GBPJPY=,135.35,135.4,135.35,6460.0,2016-08-02,2:5:58:0
GBPJPY=,135.33,135.48,135.33,6461.0,2016-08-02,2:6:0:0
GBPJPY=,135.36,135.41,135.36,6462.0,2016-08-02,2:6:2:0
GBPJPY=,135.36,135.41,135.36,6463.0,2016-08-02,2:6:5:0
GBPJPY=,135.38,135.4,135.38,6464.0,2016-08-02,2:6:7:0
GBPJPY=,135.32,135.46,135.32,6465.0,2016-08-02,2:6:8:0
GBPJPY=,135.37,135.42,135.37,6466.0,2016-08-02,2:6:10:0
GBPJPY=,135.39,135.41,135.39,6467.0,2016-08-02,2:6:11:0
GBPJPY=,135.4,135.45,135.4,6468.0,2016-08-02,2:6:13:0
GBPJPY=,135.41,135.44,135.41,6469.0,2016-08-02,2:6:13:0
GBPJPY=,135.45,135.47,135.45,6470.0,2016-08-02,2:6:16:0
GBPJPY=,135.42,135.47,135.42,6471.0,2016-08-02,2:6:17:0
GBPJPY=,135.42,135.45,135.42,6472.0,2016-08-02,2:6:19:0
GBPJPY=,135.43,135.48,135.43,6473.0,2016-08-02,2:6:21:0
GBPJPY=,135.44,135.46,135.44,6474.0,2016-08-02,2:6:22:0
GBPJPY=,135.46,135.48,135.46,6475.0,2016-08-02,2:6:25:0
GBPJPY=,135.45,135.5,135.45,6476.0,2016-08-02,2:6:26:0
GBPJPY=,135.44,135.46,135.44,6477.0,2016-08-02,2:6:28:0
GBPJPY=,135.42,135.47,135.42,6478.0,2016-08-02,2:6:29:0
GBPJPY=,135.4,135.55,135.4,6479.0,2016-08-02,2:6:30:0
GBPJPY=,135.46,135.49,135.46,6480.0,2016-08-02,2:6:32:0
GBPJPY=,135.44,135.49,135.44,6481.0,2016-08-02,2:6:33:0
GBPJPY=,135.45,135.48,135.45,6482.0,2016-08-02,2:6:35:0
GBPJPY=,135.45,135.5,135.45,6483.0,2016-08-02,2:6:37:0
GBPJPY=,135.4,135.54,135.4,6484.0,2016-08-02,2:6:38:0
GBPJPY=,135.47,135.49,135.47,6485.0,2016-08-02,2:6:38:0
GBPJPY=,135.48,135.5,135.48,6486.0,2016-08-02,2:6:41:0
GBPJPY=,135.49,135.54,135.49,6487.0,2016-08-02,2:6:41:0
GBPJPY=,135.48,135.5,135.48,6488.0,2016-08-02,2:6:44:0
GBPJPY=,135.44,135.49,135.44,6489.0,2016-08-02,2:6:45:0
GBPJPY=,135.47,135.5,135.47,6490.0,2016-08-02,2:6:47:0
GBPJPY=,135.47,135.52,135.47,6491.0,2016-08-02,2:6:49:0
GBPJPY=,135.48,135.5,135.48,6492.0,2016-08-02,2:6:50:0
GBPJPY=,135.47,135.49,135.47,6493.0,2016-08-02,2:6:52:0
GBPJPY=,135.46,135.51,135.46,6494.0,2016-08-02,2:6:53:0
GBPJPY=,135.47,135.52,135.47,6495.0,2016-08-02,2:6:57:0
GBPJPY=,135.5,135.52,135.5,6496.0,2016-08-02,2:6:57:0
GBPJPY=,135.46,135.62,135.46,6497.0,2016-08-02,2:7:0:0
GBPJPY=,135.5,135.53,135.5,6498.0,2016-08-02,2:7:0:0
GBPJPY=,135.48,135.53,135.48,6499.0,2016-08-02,2:7:1:0
GBPJPY=,135.5,135.52,135.5,6500.0,2016-08-02,2:7:3:0
GBPJPY=,135.48,135.53,135.48,6501.0,2016-08-02,2:7:5:0
GBPJPY=,135.48,135.5,135.48,6502.0,2016-08-02,2:7:6:0
GBPJPY=,135.47,135.52,135.47,6503.0,2016-08-02,2:7:9:0
GBPJPY=,135.49,135.51,135.49,6504.0,2016-08-02,2:7:9:0
GBPJPY=,135.41,135.55,135.41,6505.0,2016-08-02,2:7:10:0
GBPJPY=,135.51,135.53,135.51,6506.0,2016-08-02,2:7:12:0
GBPJPY=,135.48,135.53,135.48,6507.0,2016-08-02,2:7:13:0
GBPJPY=,135.5,135.52,135.5,6508.0,2016-08-02,2:7:15:0
GBPJPY=,135.52,135.57,135.52,6509.0,2016-08-02,2:7:17:0
GBPJPY=,135.54,135.57,135.54,6510.0,2016-08-02,2:7:18:0
GBPJPY=,135.47,135.52,135.47,6511.0,2016-08-02,2:7:21:0
GBPJPY=,135.51,135.53,135.51,6512.0,2016-08-02,2:7:21:0
Symbol,Bid,Ask,Last,Volume,Date,Time
Symbol,Bid,Ask,Last,Volume,Date,Time
GBPJPY=,135.38,135.43,135.38,6869.0,2016-08-02,2:17:53:0
GBPJPY=,135.32,135.46,135.32,6870.0,2016-08-02,2:17:54:0
GBPJPY=,135.38,135.43,135.38,6871.0,2016-08-02,2:17:57:0
GBPJPY=,135.4,135.42,135.4,6872.0,2016-08-02,2:17:59:0
GBPJPY=,135.35,135.49,135.35,6873.0,2016-08-02,2:18:0:0
GBPJPY=,135.38,135.43,135.38,6874.0,2016-08-02,2:18:1:0
GBPJPY=,135.4,135.43,135.4,6875.0,2016-08-02,2:18:1:0
GBPJPY=,135.41,135.43,135.41,6876.0,2016-08-02,2:18:4:0
GBPJPY=,135.39,135.44,135.39,6877.0,2016-08-02,2:18:6:0
GBPJPY=,135.39,135.44,135.39,6878.0,2016-08-02,2:18:10:0
GBPJPY=,135.39,135.44,135.39,6879.0,2016-08-02,2:18:13:0
GBPJPY=,135.4,135.45,135.4,6880.0,2016-08-02,2:18:17:0
GBPJPY=,135.39,135.44,135.39,6881.0,2016-08-02,2:18:21:0
GBPJPY=,135.41,135.44,135.41,6882.0,2016-08-02,2:18:22:0
GBPJPY=,135.33,135.47,135.33,6883.0,2016-08-02,2:18:24:0
GBPJPY=,135.41,135.43,135.41,6884.0,2016-08-02,2:18:24:0
GBPJPY=,135.39,135.44,135.39,6885.0,2016-08-02,2:18:25:0
GBPJPY=,135.39,135.44,135.39,6886.0,2016-08-02,2:18:29:0
GBPJPY=,135.36,135.5,135.36,6887.0,2016-08-02,2:18:30:0
GBPJPY=,135.4,135.43,135.4,6888.0,2016-08-02,2:18:30:0
GBPJPY=,135.38,135.43,135.38,6889.0,2016-08-02,2:18:33:0
GBPJPY=,135.39,135.42,135.39,6890.0,2016-08-02,2:18:34:0
GBPJPY=,135.38,135.43,135.38,6891.0,2016-08-02,2:18:38:0
GBPJPY=,135.4,135.43,135.4,6892.0,2016-08-02,2:18:38:0
GBPJPY=,135.38,135.43,135.38,6893.0,2016-08-02,2:18:41:0
GBPJPY=,135.39,135.42,135.39,6894.0,2016-08-02,2:18:44:0
GBPJPY=,135.38,135.43,135.38,6895.0,2016-08-02,2:18:45:0
GBPJPY=,135.4,135.42,135.4,6896.0,2016-08-02,2:18:46:0
GBPJPY=,135.38,135.43,135.38,6897.0,2016-08-02,2:18:50:0
GBPJPY=,135.39,135.42,135.39,6898.0,2016-08-02,2:18:52:0
GBPJPY=,135.32,135.46,135.32,6899.0,2016-08-02,2:18:54:0
GBPJPY=,135.38,135.43,135.38,6900.0,2016-08-02,2:18:54:0
GBPJPY=,135.38,135.43,135.38,6901.0,2016-08-02,2:19:0:0
GBPJPY=,135.36,135.49,135.36,6902.0,2016-08-02,2:19:0:0
GBPJPY=,135.39,135.41,135.39,6903.0,2016-08-02,2:19:0:0
GBPJPY=,135.37,135.42,135.37,6904.0,2016-08-02,2:19:1:0
GBPJPY=,135.39,135.42,135.39,6905.0,2016-08-02,2:19:2:0
GBPJPY=,135.4,135.42,135.4,6906.0,2016-08-02,2:19:5:0
GBPJPY=,135.37,135.42,135.37,6907.0,2016-08-02,2:19:5:0
GBPJPY=,135.39,135.42,135.39,6908.0,2016-08-02,2:19:8:0
GBPJPY=,135.38,135.43,135.38,6909.0,2016-08-02,2:19:9:0
GBPJPY=,135.4,135.42,135.4,6910.0,2016-08-02,2:19:11:0
GBPJPY=,135.37,135.42,135.37,6911.0,2016-08-02,2:19:13:0
GBPJPY=,135.38,135.41,135.38,6912.0,2016-08-02,2:19:15:0
GBPJPY=,135.36,135.41,135.36,6913.0,2016-08-02,2:19:17:0
GBPJPY=,135.38,135.4,135.38,6914.0,2016-08-02,2:19:17:0
Symbol,Bid,Ask,Last,Volume,Date,Time
GBPJPY=,135.38,135.43,135.38,6921.0,2016-08-02,2:19:29:0
GBPJPY=,135.34,135.48,135.34,6922.0,2016-08-02,2:19:30:0
GBPJPY=,135.39,135.42,135.39,6923.0,2016-08-02,2:19:31:0
GBPJPY=,135.38,135.43,135.38,6924.0,2016-08-02,2:19:33:0
GBPJPY=,135.39,135.41,135.39,6925.0,2016-08-02,2:19:33:0
GBPJPY=,135.4,135.42,135.4,6926.0,2016-08-02,2:19:36:0
GBPJPY=,135.38,135.43,135.38,6927.0,2016-08-02,2:19:38:0
GBPJPY=,135.41,135.43,135.41,6928.0,2016-08-02,2:19:39:0
GBPJPY=,135.39,135.44,135.39,6929.0,2016-08-02,2:19:41:0
GBPJPY=,135.39,135.44,135.39,6930.0,2016-08-02,2:19:45:0
GBPJPY=,135.4,135.42,135.4,6931.0,2016-08-02,2:19:49:0
GBPJPY=,135.39,135.44,135.39,6932.0,2016-08-02,2:19:50:0
GBPJPY=,135.39,135.41,135.39,6933.0,2016-08-02,2:19:53:0
GBPJPY=,135.38,135.43,135.38,6934.0,2016-08-02,2:19:53:0
GBPJPY=,135.38,135.4,135.38,6935.0,2016-08-02,2:19:55:0
GBPJPY=,135.36,135.41,135.36,6936.0,2016-08-02,2:19:57:0
GBPJPY=,135.35,135.5,135.35,6937.0,2016-08-02,2:20:0:0
GBPJPY=,135.36,135.41,135.36,6938.0,2016-08-02,2:20:1:0
GBPJPY=,135.37,135.39,135.37,6939.0,2016-08-02,2:20:5:0
GBPJPY=,135.36,135.41,135.36,6940.0,2016-08-02,2:20:5:0
GBPJPY=,135.36,135.41,135.36,6941.0,2016-08-02,2:20:9:0
GBPJPY=,135.38,135.4,135.38,6942.0,2016-08-02,2:20:9:0
GBPJPY=,135.36,135.41,135.36,6943.0,2016-08-02,2:20:14:0
GBPJPY=,135.37,135.42,135.37,6944.0,2016-08-02,2:20:24:0
GBPJPY=,135.37,135.42,135.37,6945.0,2016-08-02,2:20:25:0
GBPJPY=,135.37,135.42,135.37,6946.0,2016-08-02,2:20:26:0
GBPJPY=,135.4,135.42,135.4,6947.0,2016-08-02,2:20:28:0
GBPJPY=,135.38,135.43,135.38,6948.0,2016-08-02,2:20:29:0
GBPJPY=,135.34,135.48,135.34,6949.0,2016-08-02,2:20:30:0
GBPJPY=,135.4,135.43,135.4,6950.0,2016-08-02,2:20:30:0
GBPJPY=,135.32,135.46,135.32,6951.0,2016-08-02,2:20:32:0
GBPJPY=,135.39,135.44,135.39,6952.0,2016-08-02,2:20:33:0
GBPJPY=,135.39,135.44,135.39,6953.0,2016-08-02,2:20:37:0
GBPJPY=,135.4,135.42,135.4,6954.0,2016-08-02,2:20:37:0
GBPJPY=,135.38,135.43,135.38,6955.0,2016-08-02,2:20:41:0
GBPJPY=,135.38,135.43,135.38,6956.0,2016-08-02,2:20:45:0
GBPJPY=,135.38,135.43,135.38,6957.0,2016-08-02,2:20:50:0
GBPJPY=,135.38,135.43,135.38,6958.0,2016-08-02,2:20:56:0
GBPJPY=,135.39,135.44,135.39,6959.0,2016-08-02,2:20:58:0
GBPJPY=,135.41,135.43,135.41,6960.0,2016-08-02,2:20:59:0
GBPJPY=,135.35,135.49,135.35,6961.0,2016-08-02,2:21:0:0
GBPJPY=,135.39,135.44,135.39,6962.0,2016-08-02,2:21:1:0
GBPJPY=,135.34,135.48,135.34,6963.0,2016-08-02,2:21:2:0
GBPJPY=,135.39,135.44,135.39,6964.0,2016-08-02,2:21:5:0
GBPJPY=,135.4,135.42,135.4,6965.0,2016-08-02,2:21:7:0
GBPJPY=,135.4,135.41,135.4,6966.0,2016-08-02,2:21:9:0
GBPJPY=,135.38,135.43,135.38,6967.0,2016-08-02,2:21:10:0
GBPJPY=,135.39,135.41,135.39,6968.0,2016-08-02,2:21:12:0
GBPJPY=,135.38,135.43,135.38,6969.0,2016-08-02,2:21:13:0
GBPJPY=,135.38,135.39,135.38,6970.0,2016-08-02,2:21:16:0
GBPJPY=,135.36,135.41,135.36,6971.0,2016-08-02,2:21:17:0
GBPJPY=,135.38,135.4,135.38,6972.0,2016-08-02,2:21:18:0
GBPJPY=,135.36,135.41,135.36,6973.0,2016-08-02,2:21:21:0
GBPJPY=,135.37,135.39,135.37,6974.0,2016-08-02,2:21:24:0
GBPJPY=,135.36,135.41,135.36,6975.0,2016-08-02,2:21:25:0
GBPJPY=,135.36,135.41,135.36,6976.0,2016-08-02,2:21:29:0
GBPJPY=,135.34,135.48,135.34,6977.0,2016-08-02,2:21:30:0
GBPJPY=,135.3,135.44,135.3,6978.0,2016-08-02,2:21:32:0
GBPJPY=,135.36,135.41,135.36,6979.0,2016-08-02,2:21:33:0
GBPJPY=,135.39,135.4,135.39,6980.0,2016-08-02,2:21:34:0
GBPJPY=,135.37,135.42,135.37,6981.0,2016-08-02,2:21:38:0
GBPJPY=,135.38,135.43,135.38,6982.0,2016-08-02,2:21:43:0
GBPJPY=,135.39,135.41,135.39,6983.0,2016-08-02,2:21:43:0
Symbol,Bid,Ask,Last,Volume,Date,Time
GBPJPY=,135.38,135.43,135.38,6988.0,2016-08-02,2:21:55:0
GBPJPY=,135.4,135.42,135.4,6989.0,2016-08-02,2:21:57:0
GBPJPY=,135.38,135.43,135.38,6990.0,2016-08-02,2:21:58:0
GBPJPY=,135.34,135.48,135.34,6991.0,2016-08-02,2:22:0:0
GBPJPY=,135.4,135.41,135.4,6992.0,2016-08-02,2:22:0:0
GBPJPY=,135.34,135.48,135.34,6993.0,2016-08-02,2:22:4:0
GBPJPY=,135.4,135.42,135.4,6994.0,2016-08-02,2:22:5:0
GBPJPY=,135.39,135.44,135.39,6995.0,2016-08-02,2:22:5:0
GBPJPY=,135.41,135.42,135.41,6996.0,2016-08-02,2:22:7:0
GBPJPY=,135.39,135.44,135.39,6997.0,2016-08-02,2:22:8:0
GBPJPY=,135.4,135.42,135.4,6999.0,2016-08-02,2:22:10:0
GBPJPY=,135.4,135.42,135.4,6999.0,2016-08-02,2:22:10:0
GBPJPY=,135.39,135.44,135.39,7000.0,2016-08-02,2:22:17:0
GBPJPY=,135.38,135.43,135.38,7001.0,2016-08-02,2:22:20:0
GBPJPY=,135.39,135.41,135.39,7002.0,2016-08-02,2:22:20:0
GBPJPY=,135.39,135.44,135.39,7003.0,2016-08-02,2:22:21:0
GBPJPY=,135.41,135.42,135.41,7004.0,2016-08-02,2:22:22:0
GBPJPY=,135.39,135.44,135.39,7005.0,2016-08-02,2:22:25:0
GBPJPY=,135.4,135.42,135.4,7006.0,2016-08-02,2:22:25:0
GBPJPY=,135.35,135.49,135.35,7007.0,2016-08-02,2:22:30:0
GBPJPY=,135.39,135.42,135.39,7008.0,2016-08-02,2:22:34:0
GBPJPY=,135.38,135.43,135.38,7009.0,2016-08-02,2:22:34:0
GBPJPY=,135.38,135.43,135.38,7010.0,2016-08-02,2:22:36:0
GBPJPY=,135.4,135.42,135.4,7011.0,2016-08-02,2:22:37:0
GBPJPY=,135.39,135.44,135.39,7012.0,2016-08-02,2:22:39:0
GBPJPY=,135.4,135.43,135.4,7013.0,2016-08-02,2:22:45:0
GBPJPY=,135.39,135.44,135.39,7014.0,2016-08-02,2:22:45:0
GBPJPY=,135.4,135.45,135.4,7015.0,2016-08-02,2:22:46:0
GBPJPY=,135.4,135.42,135.4,7016.0,2016-08-02,2:22:47:0
GBPJPY=,135.38,135.43,135.38,7017.0,2016-08-02,2:22:50:0
GBPJPY=,135.39,135.41,135.39,7018.0,2016-08-02,2:22:50:0
GBPJPY=,135.38,135.51,135.38,7019.0,2016-08-02,2:23:0:0
GBPJPY=,135.38,135.43,135.38,7020.0,2016-08-02,2:23:4:0
GBPJPY=,135.38,135.4,135.38,7021.0,2016-08-02,2:23:4:0
GBPJPY=,135.37,135.42,135.37,7022.0,2016-08-02,2:23:5:0
GBPJPY=,135.37,135.42,135.37,7023.0,2016-08-02,2:23:6:0
GBPJPY=,135.31,135.45,135.31,7024.0,2016-08-02,2:23:8:0
GBPJPY=,135.36,135.41,135.36,7025.0,2016-08-02,2:23:8:0
GBPJPY=,135.37,135.4,135.37,7026.0,2016-08-02,2:23:8:0
GBPJPY=,135.35,135.4,135.35,7027.0,2016-08-02,2:23:10:0
GBPJPY=,135.36,135.39,135.36,7028.0,2016-08-02,2:23:10:0
GBPJPY=,135.34,135.39,135.34,7029.0,2016-08-02,2:23:13:0
GBPJPY=,135.35,135.37,135.35,7030.0,2016-08-02,2:23:14:0
GBPJPY=,135.34,135.36,135.34,7031.0,2016-08-02,2:23:16:0
GBPJPY=,135.33,135.38,135.33,7032.0,2016-08-02,2:23:17:0
GBPJPY=,135.32,135.37,135.32,7033.0,2016-08-02,2:23:22:0
GBPJPY=,135.33,135.35,135.33,7034.0,2016-08-02,2:23:22:0
GBPJPY=,135.34,135.36,135.34,7035.0,2016-08-02,2:23:24:0
GBPJPY=,135.33,135.38,135.33,7036.0,2016-08-02,2:23:25:0
GBPJPY=,135.31,135.46,135.31,7037.0,2016-08-02,2:23:30:0
GBPJPY=,135.33,135.38,135.33,7038.0,2016-08-02,2:23:31:0
GBPJPY=,135.35,135.37,135.35,7039.0,2016-08-02,2:23:31:0
GBPJPY=,135.34,135.39,135.34,7040.0,2016-08-02,2:23:33:0
GBPJPY=,135.35,135.38,135.35,7041.0,2016-08-02,2:23:34:0
GBPJPY=,135.35,135.37,135.35,7042.0,2016-08-02,2:23:36:0
GBPJPY=,135.29,135.43,135.29,7043.0,2016-08-02,2:23:38:0
GBPJPY=,135.34,135.39,135.34,7044.0,2016-08-02,2:23:38:0
GBPJPY=,135.35,135.38,135.35,7045.0,2016-08-02,2:23:46:0
GBPJPY=,135.35,135.4,135.35,7046.0,2016-08-02,2:23:47:0
GBPJPY=,135.36,135.39,135.36,7047.0,2016-08-02,2:23:49:0
GBPJPY=,135.35,135.4,135.35,7048.0,2016-08-02,2:23:55:0
GBPJPY=,135.36,135.38,135.36,7049.0,2016-08-02,2:23:57:0
GBPJPY=,135.32,135.46,135.32,7050.0,2016-08-02,2:24:0:0
GBPJPY=,135.35,135.4,135.35,7051.0,2016-08-02,2:24:6:0
GBPJPY=,135.37,135.39,135.37,7052.0,2016-08-02,2:24:9:0
GBPJPY=,135.35,135.4,135.35,7053.0,2016-08-02,2:24:9:0
GBPJPY=,135.3,135.44,135.3,7054.0,2016-08-02,2:24:9:0
GBPJPY=,135.36,135.41,135.36,7055.0,2016-08-02,2:24:10:0
GBPJPY=,135.36,135.41,135.36,7056.0,2016-08-02,2:24:11:0
GBPJPY=,135.38,135.4,135.38,7057.0,2016-08-02,2:24:11:0
GBPJPY=,135.36,135.41,135.36,7058.0,2016-08-02,2:24:12:0
GBPJPY=,135.36,135.41,135.36,7059.0,2016-08-02,2:24:13:0
GBPJPY=,135.35,135.4,135.35,7060.0,2016-08-02,2:24:14:0
GBPJPY=,135.37,135.39,135.37,7061.0,2016-08-02,2:24:14:0
GBPJPY=,135.35,135.4,135.35,7062.0,2016-08-02,2:24:19:0
GBPJPY=,135.37,135.38,135.37,7063.0,2016-08-02,2:24:19:0
GBPJPY=,135.35,135.4,135.35,7064.0,2016-08-02,2:24:21:0
GBPJPY=,135.36,135.38,135.36,7065.0,2016-08-02,2:24:22:0
GBPJPY=,135.35,135.4,135.35,7066.0,2016-08-02,2:24:26:0
GBPJPY=,135.32,135.48,135.32,7067.0,2016-08-02,2:24:30:0
GBPJPY=,135.35,135.4,135.35,7068.0,2016-08-02,2:24:32:0
GBPJPY=,135.35,135.4,135.35,7069.0,2016-08-02,2:24:33:0
GBPJPY=,135.36,135.39,135.36,7070.0,2016-08-02,2:24:46:0
GBPJPY=,135.36,135.38,135.36,7071.0,2016-08-02,2:24:48:0
GBPJPY=,135.36,135.39,135.36,7072.0,2016-08-02,2:25:3:0
GBPJPY=,135.37,135.39,135.37,7073.0,2016-08-02,2:25:7:0
GBPJPY=,135.37,135.38,135.37,7074.0,2016-08-02,2:25:13:0
GBPJPY=,135.36,135.38,135.36,7075.0,2016-08-02,2:25:15:0
GBPJPY=,135.35,135.4,135.35,7076.0,2016-08-02,2:25:16:0
GBPJPY=,135.34,135.39,135.34,7077.0,2016-08-02,2:25:19:0
GBPJPY=,135.29,135.43,135.29,7078.0,2016-08-02,2:25:22:0
GBPJPY=,135.34,135.39,135.34,7079.0,2016-08-02,2:25:23:0
GBPJPY=,135.34,135.39,135.34,7080.0,2016-08-02,2:25:24:0
GBPJPY=,135.35,135.37,135.35,7081.0,2016-08-02,2:25:25:0
GBPJPY=,135.34,135.39,135.34,7082.0,2016-08-02,2:25:25:0
GBPJPY=,135.31,135.46,135.31,7083.0,2016-08-02,2:25:30:0
GBPJPY=,135.34,135.39,135.34,7084.0,2016-08-02,2:25:51:0
GBPJPY=,135.28,135.42,135.28,7085.0,2016-08-02,2:25:54:0
GBPJPY=,135.35,135.38,135.35,7086.0,2016-08-02,2:26:5:0
GBPJPY=,135.36,135.38,135.36,7087.0,2016-08-02,2:26:7:0
GBPJPY=,135.34,135.39,135.34,7088.0,2016-08-02,2:26:14:0
GBPJPY=,135.34,135.39,135.34,7089.0,2016-08-02,2:26:15:0
GBPJPY=,135.35,135.38,135.35,7090.0,2016-08-02,2:26:16:0
GBPJPY=,135.36,135.38,135.36,7091.0,2016-08-02,2:26:18:0
GBPJPY=,135.35,135.38,135.35,7092.0,2016-08-02,2:26:21:0
GBPJPY=,135.36,135.38,135.36,7093.0,2016-08-02,2:26:24:0
GBPJPY=,135.34,135.39,135.34,7094.0,2016-08-02,2:26:29:0
GBPJPY=,135.32,135.48,135.32,7095.0,2016-08-02,2:26:30:0
GBPJPY=,135.36,135.37,135.36,7096.0,2016-08-02,2:26:35:0
GBPJPY=,135.35,135.37,135.35,7097.0,2016-08-02,2:26:38:0
GBPJPY=,135.29,135.43,135.29,7098.0,2016-08-02,2:26:40:0
GBPJPY=,135.36,135.37,135.36,7099.0,2016-08-02,2:26:42:0
GBPJPY=,135.34,135.39,135.34,7100.0,2016-08-02,2:26:45:0
GBPJPY=,135.36,135.38,135.36,7101.0,2016-08-02,2:26:45:0
GBPJPY=,135.36,135.37,135.36,7102.0,2016-08-02,2:26:48:0
GBPJPY=,135.36,135.38,135.36,7103.0,2016-08-02,2:26:51:0
GBPJPY=,135.34,135.39,135.34,7104.0,2016-08-02,2:26:54:0
GBPJPY=,135.36,135.37,135.36,7105.0,2016-08-02,2:26:54:0
GBPJPY=,135.31,135.46,135.31,7106.0,2016-08-02,2:27:0:0
Symbol,Bid,Ask,Last,Volume,Date,Time
GBPJPY=,135.37,135.42,135.37,7234.0,2016-08-02,2:31:46:0
GBPJPY=,135.34,135.49,135.34,7235.0,2016-08-02,2:32:0:0
GBPJPY=,135.31,135.45,135.31,7236.0,2016-08-02,2:32:6:0
GBPJPY=,135.36,135.41,135.36,7237.0,2016-08-02,2:32:6:0
GBPJPY=,135.37,135.39,135.37,7238.0,2016-08-02,2:32:7:0
GBPJPY=,135.35,135.4,135.35,7239.0,2016-08-02,2:32:8:0
GBPJPY=,135.36,135.41,135.36,7240.0,2016-08-02,2:32:12:0
GBPJPY=,135.36,135.41,135.36,7241.0,2016-08-02,2:32:13:0
GBPJPY=,135.35,135.4,135.35,7242.0,2016-08-02,2:32:14:0
GBPJPY=,135.35,135.4,135.35,7243.0,2016-08-02,2:32:15:0
GBPJPY=,135.36,135.41,135.36,7244.0,2016-08-02,2:32:16:0
GBPJPY=,135.35,135.4,135.35,7245.0,2016-08-02,2:32:20:0
GBPJPY=,135.34,135.39,135.34,7246.0,2016-08-02,2:32:21:0
GBPJPY=,135.35,135.37,135.35,7247.0,2016-08-02,2:32:21:0
GBPJPY=,135.34,135.39,135.34,7248.0,2016-08-02,2:32:22:0
GBPJPY=,135.35,135.38,135.35,7249.0,2016-08-02,2:32:24:0
GBPJPY=,135.36,135.38,135.36,7250.0,2016-08-02,2:32:29:0
GBPJPY=,135.31,135.48,135.31,7251.0,2016-08-02,2:32:30:0
GBPJPY=,135.35,135.38,135.35,7252.0,2016-08-02,2:32:31:0
GBPJPY=,135.29,135.43,135.29,7253.0,2016-08-02,2:32:36:0
GBPJPY=,135.34,135.39,135.34,7254.0,2016-08-02,2:32:36:0
GBPJPY=,135.36,135.38,135.36,7255.0,2016-08-02,2:32:39:0
GBPJPY=,135.34,135.39,135.34,7256.0,2016-08-02,2:33:3:0
GBPJPY=,135.35,135.4,135.35,7257.0,2016-08-02,2:33:5:0
GBPJPY=,135.36,135.39,135.36,7258.0,2016-08-02,2:33:7:0
GBPJPY=,135.3,135.44,135.3,7259.0,2016-08-02,2:33:8:0
GBPJPY=,135.35,135.4,135.35,7260.0,2016-08-02,2:33:8:0
GBPJPY=,135.37,135.39,135.37,7261.0,2016-08-02,2:33:9:0
GBPJPY=,135.36,135.39,135.36,7262.0,2016-08-02,2:33:20:0
GBPJPY=,135.35,135.4,135.35,7263.0,2016-08-02,2:33:24:0
GBPJPY=,135.35,135.4,135.35,7264.0,2016-08-02,2:33:28:0
GBPJPY=,135.35,135.38,135.35,7265.0,2016-08-02,2:33:30:0
GBPJPY=,135.32,135.46,135.32,7266.0,2016-08-02,2:33:30:0
GBPJPY=,135.33,135.38,135.33,7267.0,2016-08-02,2:33:30:0
GBPJPY=,135.33,135.38,135.33,7268.0,2016-08-02,2:33:32:0
GBPJPY=,135.34,135.37,135.34,7269.0,2016-08-02,2:33:32:0
GBPJPY=,135.32,135.37,135.32,7270.0,2016-08-02,2:33:33:0
GBPJPY=,135.33,135.36,135.33,7271.0,2016-08-02,2:33:35:0
GBPJPY=,135.32,135.37,135.32,7272.0,2016-08-02,2:33:36:0
GBPJPY=,135.26,135.4,135.26,7273.0,2016-08-02,2:33:40:0
GBPJPY=,135.32,135.37,135.32,7274.0,2016-08-02,2:33:40:0
GBPJPY=,135.34,135.36,135.34,7275.0,2016-08-02,2:33:41:0
GBPJPY=,135.32,135.37,135.32,7276.0,2016-08-02,2:33:41:0
GBPJPY=,135.33,135.36,135.33,7277.0,2016-08-02,2:33:43:0
GBPJPY=,135.32,135.37,135.32,7278.0,2016-08-02,2:33:46:0
GBPJPY=,135.3,135.44,135.3,7279.0,2016-08-02,2:34:0:0
GBPJPY=,135.33,135.35,135.33,7280.0,2016-08-02,2:34:0:0
GBPJPY=,135.31,135.36,135.31,7281.0,2016-08-02,2:34:1:0
GBPJPY=,135.31,135.36,135.31,7282.0,2016-08-02,2:34:2:0
GBPJPY=,135.31,135.36,135.31,7283.0,2016-08-02,2:34:3:0
GBPJPY=,135.32,135.35,135.32,7284.0,2016-08-02,2:34:3:0
GBPJPY=,135.31,135.36,135.31,7285.0,2016-08-02,2:34:4:0
GBPJPY=,135.3,135.35,135.3,7286.0,2016-08-02,2:34:5:0
GBPJPY=,135.32,135.34,135.32,7287.0,2016-08-02,2:34:6:0
GBPJPY=,135.3,135.35,135.3,7288.0,2016-08-02,2:34:9:0
GBPJPY=,135.31,135.33,135.31,7289.0,2016-08-02,2:34:11:0
GBPJPY=,135.32,135.34,135.32,7290.0,2016-08-02,2:34:16:0
GBPJPY=,135.3,135.35,135.3,7291.0,2016-08-02,2:34:16:0
GBPJPY=,135.3,135.35,135.3,7292.0,2016-08-02,2:34:17:0
GBPJPY=,135.3,135.35,135.3,7293.0,2016-08-02,2:34:18:0
GBPJPY=,135.31,135.33,135.31,7294.0,2016-08-02,2:34:19:0
GBPJPY=,135.31,135.36,135.31,7295.0,2016-08-02,2:34:20:0
GBPJPY=,135.32,135.35,135.32,7296.0,2016-08-02,2:34:21:0
GBPJPY=,135.28,135.42,135.28,7297.0,2016-08-02,2:34:30:0
GBPJPY=,135.32,135.37,135.32,7298.0,2016-08-02,2:34:44:0
GBPJPY=,135.33,135.35,135.33,7299.0,2016-08-02,2:34:45:0
GBPJPY=,135.33,135.36,135.33,7300.0,2016-08-02,2:34:48:0
GBPJPY=,135.32,135.37,135.32,7301.0,2016-08-02,2:34:51:0
GBPJPY=,135.33,135.35,135.33,7302.0,2016-08-02,2:34:51:0
GBPJPY=,135.31,135.36,135.31,7303.0,2016-08-02,2:34:52:0
GBPJPY=,135.28,135.45,135.28,7304.0,2016-08-02,2:35:0:0
GBPJPY=,135.32,135.37,135.32,7305.0,2016-08-02,2:35:1:0
GBPJPY=,135.32,135.37,135.32,7306.0,2016-08-02,2:35:5:0
GBPJPY=,135.32,135.37,135.32,7307.0,2016-08-02,2:35:6:0
GBPJPY=,135.33,135.36,135.33,7308.0,2016-08-02,2:35:6:0
GBPJPY=,135.32,135.37,135.32,7309.0,2016-08-02,2:35:7:0
GBPJPY=,135.32,135.37,135.32,7310.0,2016-08-02,2:35:8:0
GBPJPY=,135.32,135.37,135.32,7311.0,2016-08-02,2:35:9:0
GBPJPY=,135.33,135.35,135.33,7312.0,2016-08-02,2:35:10:0
GBPJPY=,135.33,135.36,135.33,7313.0,2016-08-02,2:35:16:0
GBPJPY=,135.33,135.35,135.33,7314.0,2016-08-02,2:35:21:0
GBPJPY=,135.31,135.36,135.31,7315.0,2016-08-02,2:35:22:0
GBPJPY=,135.32,135.37,135.32,7316.0,2016-08-02,2:35:27:0
GBPJPY=,135.32,135.37,135.32,7317.0,2016-08-02,2:35:30:0
GBPJPY=,135.3,135.43,135.3,7318.0,2016-08-02,2:35:30:0
GBPJPY=,135.33,135.36,135.33,7319.0,2016-08-02,2:35:30:0
GBPJPY=,135.32,135.37,135.32,7320.0,2016-08-02,2:35:31:0
GBPJPY=,135.32,135.37,135.32,7321.0,2016-08-02,2:35:34:0
GBPJPY=,135.33,135.35,135.33,7322.0,2016-08-02,2:35:34:0
GBPJPY=,135.32,135.37,135.32,7323.0,2016-08-02,2:35:35:0
GBPJPY=,135.33,135.36,135.33,7324.0,2016-08-02,2:35:37:0
GBPJPY=,135.32,135.37,135.32,7325.0,2016-08-02,2:35:45:0
GBPJPY=,135.32,135.37,135.32,7326.0,2016-08-02,2:35:50:0
GBPJPY=,135.27,135.41,135.27,7327.0,2016-08-02,2:36:0:0
GBPJPY=,135.3,135.44,135.3,7328.0,2016-08-02,2:36:0:0
GBPJPY=,135.31,135.36,135.31,7329.0,2016-08-02,2:36:20:0
GBPJPY=,135.31,135.36,135.31,7330.0,2016-08-02,2:36:22:0
GBPJPY=,135.33,135.35,135.33,7331.0,2016-08-02,2:36:27:0
GBPJPY=,135.32,135.35,135.32,7332.0,2016-08-02,2:36:29:0
GBPJPY=,135.29,135.44,135.29,7333.0,2016-08-02,2:36:30:0
GBPJPY=,135.32,135.37,135.32,7334.0,2016-08-02,2:36:31:0
GBPJPY=,135.33,135.36,135.33,7335.0,2016-08-02,2:36:32:0
GBPJPY=,135.33,135.35,135.33,7336.0,2016-08-02,2:36:35:0
GBPJPY=,135.33,135.36,135.33,7337.0,2016-08-02,2:36:42:0
GBPJPY=,135.31,135.36,135.31,7338.0,2016-08-02,2:36:42:0
GBPJPY=,135.32,135.37,135.32,7339.0,2016-08-02,2:36:43:0
GBPJPY=,135.33,135.35,135.33,7340.0,2016-08-02,2:36:44:0
GBPJPY=,135.3,135.44,135.3,7341.0,2016-08-02,2:37:0:0
GBPJPY=,135.31,135.36,135.31,7342.0,2016-08-02,2:37:9:0
GBPJPY=,135.26,135.4,135.26,7343.0,2016-08-02,2:37:26:0
GBPJPY=,135.31,135.36,135.31,7344.0,2016-08-02,2:37:27:0
GBPJPY=,135.32,135.37,135.32,7345.0,2016-08-02,2:37:36:0
GBPJPY=,135.32,135.37,135.32,7346.0,2016-08-02,2:37:39:0
GBPJPY=,135.32,135.37,135.32,7347.0,2016-08-02,2:37:44:0
GBPJPY=,135.31,135.36,135.31,7348.0,2016-08-02,2:37:47:0
GBPJPY=,135.32,135.35,135.32,7349.0,2016-08-02,2:37:47:0
GBPJPY=,135.33,135.35,135.33,7350.0,2016-08-02,2:37:49:0
GBPJPY=,135.3,135.35,135.3,7351.0,2016-08-02,2:37:52:0
GBPJPY=,135.32,135.35,135.32,7352.0,2016-08-02,2:37:52:0
GBPJPY=,135.29,135.34,135.29,7353.0,2016-08-02,2:37:53:0
GBPJPY=,135.31,135.33,135.31,7354.0,2016-08-02,2:37:55:0
GBPJPY=,135.25,135.39,135.25,7355.0,2016-08-02,2:37:58:0
GBPJPY=,135.28,135.44,135.28,7356.0,2016-08-02,2:38:0:0
GBPJPY=,135.29,135.34,135.29,7357.0,2016-08-02,2:38:3:0
GBPJPY=,135.3,135.33,135.3,7358.0,2016-08-02,2:38:5:0
GBPJPY=,135.28,135.33,135.28,7359.0,2016-08-02,2:38:10:0
GBPJPY=,135.29,135.32,135.29,7360.0,2016-08-02,2:38:11:0
GBPJPY=,135.28,135.33,135.28,7361.0,2016-08-02,2:38:11:0
GBPJPY=,135.28,135.33,135.28,7362.0,2016-08-02,2:38:15:0
GBPJPY=,135.3,135.32,135.3,7363.0,2016-08-02,2:38:17:0
GBPJPY=,135.28,135.33,135.28,7364.0,2016-08-02,2:38:17:0
GBPJPY=,135.29,135.34,135.29,7365.0,2016-08-02,2:38:18:0
GBPJPY=,135.28,135.33,135.28,7366.0,2016-08-02,2:38:20:0
GBPJPY=,135.29,135.34,135.29,7367.0,2016-08-02,2:38:21:0
GBPJPY=,135.29,135.34,135.29,7368.0,2016-08-02,2:38:22:0
GBPJPY=,135.29,135.34,135.29,7369.0,2016-08-02,2:38:23:0
GBPJPY=,135.29,135.34,135.29,7370.0,2016-08-02,2:38:24:0
GBPJPY=,135.29,135.34,135.29,7371.0,2016-08-02,2:38:25:0
GBPJPY=,135.24,135.38,135.24,7372.0,2016-08-02,2:38:28:0
GBPJPY=,135.29,135.34,135.29,7373.0,2016-08-02,2:38:28:0
GBPJPY=,135.27,135.41,135.27,7374.0,2016-08-02,2:38:30:0
GBPJPY=,135.28,135.33,135.28,7375.0,2016-08-02,2:38:39:0
GBPJPY=,135.29,135.34,135.29,7376.0,2016-08-02,2:38:46:0
GBPJPY=,135.29,135.34,135.29,7377.0,2016-08-02,2:38:54:0
GBPJPY=,135.3,135.33,135.3,7378.0,2016-08-02,2:38:55:0
GBPJPY=,135.29,135.34,135.29,7379.0,2016-08-02,2:38:55:0
GBPJPY=,135.29,135.34,135.29,7380.0,2016-08-02,2:39:4:0
GBPJPY=,135.31,135.33,135.31,7381.0,2016-08-02,2:39:5:0
GBPJPY=,135.3,135.35,135.3,7382.0,2016-08-02,2:39:5:0
