Symbol,Bid,Ask,Last,Volume,Date,Time
JPY=,102.38,102.41,102.38,7356.0,2016-08-02,1:19:56:0
JPY=,102.37,102.42,102.37,7357.0,2016-08-02,1:19:58:0
JPY=,102.37,102.42,102.37,7358.0,2016-08-02,1:19:58:0
JPY=,102.38,102.41,102.38,7359.0,2016-08-02,1:19:59:0
JPY=,102.39,102.44,102.39,7360.0,2016-08-02,1:20:0:0
JPY=,102.36,102.41,102.36,7361.0,2016-08-02,1:20:0:0
JPY=,102.39,102.4,102.39,7362.0,2016-08-02,1:20:1:0
JPY=,102.39,102.4,102.39,7363.0,2016-08-02,1:20:2:0
JPY=,102.37,102.4,102.37,7364.0,2016-08-02,1:20:3:0
JPY=,102.39,102.4,102.39,7365.0,2016-08-02,1:20:3:0
JPY=,102.37,102.41,102.37,7366.0,2016-08-02,1:20:8:0
JPY=,102.36,102.41,102.36,7367.0,2016-08-02,1:20:9:0
JPY=,102.38,102.41,102.38,7368.0,2016-08-02,1:20:10:0
JPY=,102.36,102.41,102.36,7369.0,2016-08-02,1:20:11:0
JPY=,102.38,102.41,102.38,7370.0,2016-08-02,1:20:18:0
JPY=,102.37,102.42,102.37,7371.0,2016-08-02,1:20:19:0
JPY=,102.37,102.42,102.37,7372.0,2016-08-02,1:20:19:0
JPY=,102.38,102.41,102.38,7373.0,2016-08-02,1:20:19:0
JPY=,102.36,102.41,102.36,7374.0,2016-08-02,1:20:19:0
JPY=,102.37,102.42,102.37,7375.0,2016-08-02,1:20:20:0
JPY=,102.39,102.42,102.39,7376.0,2016-08-02,1:20:20:0
JPY=,102.38,102.43,102.38,7377.0,2016-08-02,1:20:21:0
JPY=,102.37,102.42,102.37,7378.0,2016-08-02,1:20:22:0
JPY=,102.39,102.42,102.39,7379.0,2016-08-02,1:20:23:0
JPY=,102.38,102.43,102.38,7380.0,2016-08-02,1:20:23:0
JPY=,102.39,102.42,102.39,7381.0,2016-08-02,1:20:23:0
JPY=,102.39,102.42,102.39,7382.0,2016-08-02,1:20:27:0
JPY=,102.39,102.42,102.39,7383.0,2016-08-02,1:20:27:0
JPY=,102.38,102.43,102.38,7384.0,2016-08-02,1:20:29:0
JPY=,102.4,102.44,102.4,7385.0,2016-08-02,1:20:30:0
JPY=,102.4,102.43,102.4,7386.0,2016-08-02,1:20:31:0
JPY=,102.4,102.43,102.4,7387.0,2016-08-02,1:20:35:0
JPY=,102.4,102.43,102.4,7388.0,2016-08-02,1:20:35:0
JPY=,102.39,102.44,102.39,7389.0,2016-08-02,1:20:39:0
JPY=,102.39,102.44,102.39,7390.0,2016-08-02,1:20:39:0
JPY=,102.4,102.43,102.4,7391.0,2016-08-02,1:20:39:0
JPY=,102.39,102.44,102.39,7392.0,2016-08-02,1:20:41:0
JPY=,102.39,102.44,102.39,7393.0,2016-08-02,1:20:42:0
JPY=,102.39,102.44,102.39,7394.0,2016-08-02,1:20:43:0
JPY=,102.41,102.44,102.41,7395.0,2016-08-02,1:20:43:0
JPY=,102.4,102.45,102.4,7396.0,2016-08-02,1:20:43:0
JPY=,102.39,102.44,102.39,7397.0,2016-08-02,1:20:44:0
JPY=,102.41,102.44,102.41,7398.0,2016-08-02,1:20:47:0
JPY=,102.4,102.45,102.4,7399.0,2016-08-02,1:20:49:0
JPY=,102.41,102.44,102.41,7400.0,2016-08-02,1:20:50:0
JPY=,102.41,102.44,102.41,7401.0,2016-08-02,1:20:51:0
JPY=,102.41,102.46,102.41,7402.0,2016-08-02,1:20:51:0
JPY=,102.42,102.46,102.42,7403.0,2016-08-02,1:20:52:0
JPY=,102.43,102.46,102.43,7404.0,2016-08-02,1:20:53:0
JPY=,102.43,102.46,102.43,7405.0,2016-08-02,1:20:55:0
JPY=,102.44,102.47,102.44,7406.0,2016-08-02,1:20:59:0
JPY=,102.43,102.48,102.43,7407.0,2016-08-02,1:20:59:0
JPY=,102.43,102.48,102.43,7408.0,2016-08-02,1:20:59:0
JPY=,102.43,102.48,102.43,7409.0,2016-08-02,1:21:0:0
JPY=,102.42,102.47,102.42,7410.0,2016-08-02,1:21:0:0
JPY=,102.43,102.48,102.43,7411.0,2016-08-02,1:21:0:0
JPY=,102.45,102.46,102.45,7412.0,2016-08-02,1:21:2:0
JPY=,102.44,102.48,102.44,7413.0,2016-08-02,1:21:2:0
JPY=,102.44,102.49,102.44,7414.0,2016-08-02,1:21:3:0
JPY=,102.45,102.48,102.45,7415.0,2016-08-02,1:21:3:0
JPY=,102.45,102.48,102.45,7416.0,2016-08-02,1:21:7:0
JPY=,102.45,102.5,102.45,7417.0,2016-08-02,1:21:9:0
JPY=,102.45,102.5,102.45,7418.0,2016-08-02,1:21:9:0
JPY=,102.43,102.48,102.43,7419.0,2016-08-02,1:21:11:0
JPY=,102.45,102.48,102.45,7420.0,2016-08-02,1:21:11:0
JPY=,102.44,102.49,102.44,7421.0,2016-08-02,1:21:11:0
JPY=,102.45,102.49,102.45,7422.0,2016-08-02,1:21:12:0
JPY=,102.46,102.49,102.46,7423.0,2016-08-02,1:21:13:0
JPY=,102.45,102.48,102.45,7424.0,2016-08-02,1:21:15:0
JPY=,102.45,102.48,102.45,7425.0,2016-08-02,1:21:18:0
JPY=,102.44,102.49,102.44,7426.0,2016-08-02,1:21:19:0
JPY=,102.44,102.49,102.44,7427.0,2016-08-02,1:21:19:0
JPY=,102.43,102.48,102.43,7428.0,2016-08-02,1:21:19:0
JPY=,102.45,102.48,102.45,7429.0,2016-08-02,1:21:19:0
JPY=,102.45,102.48,102.45,7430.0,2016-08-02,1:21:23:0
JPY=,102.44,102.49,102.44,7431.0,2016-08-02,1:21:24:0
JPY=,102.44,102.49,102.45,7433.0,2016-08-02,1:21:27:0
JPY=,102.45,102.48,102.45,7433.0,2016-08-02,1:21:27:0
JPY=,102.44,102.49,102.44,7434.0,2016-08-02,1:21:29:0
JPY=,102.47,102.52,102.47,7435.0,2016-08-02,1:21:30:0
JPY=,102.45,102.48,102.45,7436.0,2016-08-02,1:21:33:0
JPY=,102.45,102.48,102.45,7437.0,2016-08-02,1:21:35:0
JPY=,102.44,102.49,102.44,7438.0,2016-08-02,1:21:39:0
JPY=,102.45,102.48,102.45,7439.0,2016-08-02,1:21:42:0
JPY=,102.44,102.49,102.44,7440.0,2016-08-02,1:21:46:0
JPY=,102.45,102.48,102.45,7441.0,2016-08-02,1:21:47:0
JPY=,102.45,102.5,102.45,7442.0,2016-08-02,1:21:47:0
JPY=,102.46,102.49,102.46,7443.0,2016-08-02,1:21:48:0
JPY=,102.46,102.49,102.46,7444.0,2016-08-02,1:21:49:0
JPY=,102.45,102.48,102.45,7445.0,2016-08-02,1:21:55:0
JPY=,102.44,102.49,102.44,7446.0,2016-08-02,1:21:57:0
JPY=,102.46,102.49,102.46,7447.0,2016-08-02,1:21:58:0
JPY=,102.44,102.49,102.44,7448.0,2016-08-02,1:21:58:0
JPY=,102.45,102.5,102.45,7449.0,2016-08-02,1:21:58:0
JPY=,102.45,102.5,102.45,7450.0,2016-08-02,1:21:58:0
JPY=,102.44,102.49,102.44,7451.0,2016-08-02,1:21:58:0
JPY=,102.45,102.48,102.45,7452.0,2016-08-02,1:21:59:0
JPY=,102.44,102.49,102.44,7453.0,2016-08-02,1:21:59:0
JPY=,102.44,102.49,102.44,7454.0,2016-08-02,1:21:59:0
JPY=,102.45,102.48,102.45,7455.0,2016-08-02,1:22:0:0
JPY=,102.46,102.47,102.46,7456.0,2016-08-02,1:22:1:0
JPY=,102.46,102.47,102.46,7457.0,2016-08-02,1:22:3:0
JPY=,102.45,102.48,102.45,7458.0,2016-08-02,1:22:5:0
JPY=,102.43,102.48,102.43,7459.0,2016-08-02,1:22:6:0
JPY=,102.44,102.49,102.44,7460.0,2016-08-02,1:22:7:0
JPY=,102.45,102.48,102.45,7461.0,2016-08-02,1:22:8:0
JPY=,102.46,102.48,102.46,7462.0,2016-08-02,1:22:8:0
JPY=,102.44,102.47,102.44,7463.0,2016-08-02,1:22:15:0
JPY=,102.44,102.47,102.44,7464.0,2016-08-02,1:22:16:0
JPY=,102.44,102.47,102.44,7465.0,2016-08-02,1:22:16:0
JPY=,102.43,102.48,102.43,7466.0,2016-08-02,1:22:17:0
JPY=,102.44,102.48,102.44,7467.0,2016-08-02,1:22:18:0
JPY=,102.45,102.48,102.45,7468.0,2016-08-02,1:22:19:0
JPY=,102.43,102.48,102.43,7469.0,2016-08-02,1:22:19:0
JPY=,102.44,102.49,102.44,7470.0,2016-08-02,1:22:20:0
JPY=,102.45,102.48,102.45,7471.0,2016-08-02,1:22:23:0
JPY=,102.43,102.48,102.43,7472.0,2016-08-02,1:22:26:0
JPY=,102.43,102.48,102.43,7473.0,2016-08-02,1:22:27:0
JPY=,102.44,102.47,102.44,7474.0,2016-08-02,1:22:27:0
JPY=,102.43,102.48,102.43,7475.0,2016-08-02,1:22:28:0
JPY=,102.43,102.48,102.43,7476.0,2016-08-02,1:22:29:0
JPY=,102.45,102.48,102.45,7477.0,2016-08-02,1:22:33:0
JPY=,102.44,102.49,102.44,7478.0,2016-08-02,1:22:33:0
JPY=,102.45,102.48,102.45,7479.0,2016-08-02,1:22:37:0
JPY=,102.44,102.49,102.44,7480.0,2016-08-02,1:22:37:0
JPY=,102.45,102.49,102.45,7481.0,2016-08-02,1:22:38:0
JPY=,102.44,102.47,102.44,7482.0,2016-08-02,1:22:39:0
JPY=,102.43,102.48,102.43,7483.0,2016-08-02,1:22:39:0
JPY=,102.43,102.48,102.43,7484.0,2016-08-02,1:22:39:0
JPY=,102.43,102.48,102.43,7485.0,2016-08-02,1:22:42:0
JPY=,102.44,102.47,102.44,7486.0,2016-08-02,1:22:45:0
JPY=,102.43,102.48,102.43,7487.0,2016-08-02,1:22:45:0
JPY=,102.43,102.48,102.43,7488.0,2016-08-02,1:22:48:0
JPY=,102.44,102.48,102.44,7489.0,2016-08-02,1:22:50:0
JPY=,102.44,102.48,102.44,7490.0,2016-08-02,1:22:54:0
JPY=,102.44,102.47,102.44,7491.0,2016-08-02,1:22:57:0
JPY=,102.43,102.48,102.43,7492.0,2016-08-02,1:22:57:0
JPY=,102.43,102.46,102.43,7493.0,2016-08-02,1:22:58:0
JPY=,102.42,102.47,102.42,7494.0,2016-08-02,1:22:58:0
JPY=,102.41,102.46,102.41,7495.0,2016-08-02,1:22:58:0
JPY=,102.44,102.49,102.44,7496.0,2016-08-02,1:22:58:0
JPY=,102.43,102.46,102.43,7497.0,2016-08-02,1:22:59:0
JPY=,102.42,102.47,102.42,7498.0,2016-08-02,1:22:59:0
JPY=,102.42,102.47,102.42,7499.0,2016-08-02,1:22:59:0
JPY=,102.43,102.46,102.43,7500.0,2016-08-02,1:23:0:0
JPY=,102.41,102.46,102.41,7501.0,2016-08-02,1:23:0:0
JPY=,102.42,102.47,102.42,7502.0,2016-08-02,1:23:1:0
JPY=,102.42,102.45,102.42,7503.0,2016-08-02,1:23:1:0
JPY=,102.44,102.45,102.44,7504.0,2016-08-02,1:23:1:0
JPY=,102.43,102.47,102.43,7505.0,2016-08-02,1:23:2:0
JPY=,102.43,102.46,102.43,7506.0,2016-08-02,1:23:4:0
JPY=,102.42,102.47,102.42,7507.0,2016-08-02,1:23:5:0
JPY=,102.43,102.46,102.43,7508.0,2016-08-02,1:23:5:0
JPY=,102.42,102.47,102.42,7509.0,2016-08-02,1:23:7:0
JPY=,102.43,102.46,102.43,7510.0,2016-08-02,1:23:7:0
JPY=,102.44,102.47,102.44,7511.0,2016-08-02,1:23:11:0
JPY=,102.43,102.48,102.43,7512.0,2016-08-02,1:23:11:0
JPY=,102.44,102.48,102.44,7513.0,2016-08-02,1:23:12:0
JPY=,102.42,102.47,102.42,7514.0,2016-08-02,1:23:12:0
JPY=,102.44,102.47,102.44,7515.0,2016-08-02,1:23:15:0
JPY=,102.43,102.48,102.43,7516.0,2016-08-02,1:23:15:0
JPY=,102.43,102.48,102.43,7517.0,2016-08-02,1:23:17:0
JPY=,102.42,102.47,102.42,7518.0,2016-08-02,1:23:18:0
JPY=,102.43,102.48,102.43,7519.0,2016-08-02,1:23:19:0
JPY=,102.44,102.47,102.44,7520.0,2016-08-02,1:23:20:0
JPY=,102.43,102.48,102.43,7521.0,2016-08-02,1:23:21:0
JPY=,102.44,102.47,102.44,7522.0,2016-08-02,1:23:21:0
JPY=,102.44,102.47,102.44,7523.0,2016-08-02,1:23:23:0
JPY=,102.44,102.49,102.44,7524.0,2016-08-02,1:23:25:0
JPY=,102.43,102.48,102.43,7525.0,2016-08-02,1:23:26:0
JPY=,102.43,102.48,102.43,7526.0,2016-08-02,1:23:27:0
JPY=,102.44,102.47,102.44,7527.0,2016-08-02,1:23:27:0
JPY=,102.43,102.48,102.43,7528.0,2016-08-02,1:23:28:0
JPY=,102.43,102.48,102.43,7529.0,2016-08-02,1:23:30:0
JPY=,102.44,102.47,102.44,7530.0,2016-08-02,1:23:31:0
JPY=,102.42,102.47,102.42,7531.0,2016-08-02,1:23:31:0
JPY=,102.43,102.47,102.43,7532.0,2016-08-02,1:23:34:0
JPY=,102.43,102.46,102.43,7533.0,2016-08-02,1:23:35:0
JPY=,102.43,102.48,102.43,7534.0,2016-08-02,1:23:37:0
JPY=,102.44,102.47,102.44,7535.0,2016-08-02,1:23:39:0
JPY=,102.43,102.48,102.43,7536.0,2016-08-02,1:23:39:0
JPY=,102.43,102.48,102.43,7537.0,2016-08-02,1:23:40:0
JPY=,102.44,102.47,102.44,7538.0,2016-08-02,1:23:44:0
JPY=,102.44,102.48,102.44,7539.0,2016-08-02,1:23:44:0
JPY=,102.43,102.48,102.43,7540.0,2016-08-02,1:23:44:0
JPY=,102.44,102.47,102.44,7541.0,2016-08-02,1:23:47:0
JPY=,102.44,102.47,102.44,7542.0,2016-08-02,1:23:48:0
JPY=,102.44,102.47,102.44,7543.0,2016-08-02,1:23:51:0
JPY=,102.42,102.47,102.42,7544.0,2016-08-02,1:23:51:0
JPY=,102.42,102.47,102.42,7545.0,2016-08-02,1:23:51:0
JPY=,102.42,102.47,102.42,7546.0,2016-08-02,1:23:52:0
JPY=,102.43,102.46,102.43,7547.0,2016-08-02,1:23:55:0
JPY=,102.43,102.47,102.43,7548.0,2016-08-02,1:23:56:0
JPY=,102.43,102.47,102.43,7549.0,2016-08-02,1:23:57:0
JPY=,102.41,102.46,102.41,7550.0,2016-08-02,1:23:58:0
JPY=,102.44,102.45,102.44,7551.0,2016-08-02,1:24:0:0
JPY=,102.43,102.48,102.43,7552.0,2016-08-02,1:24:1:0
JPY=,102.42,102.47,102.42,7553.0,2016-08-02,1:24:1:0
JPY=,102.43,102.46,102.43,7554.0,2016-08-02,1:24:3:0
JPY=,102.44,102.46,102.44,7555.0,2016-08-02,1:24:7:0
JPY=,102.44,102.46,102.44,7556.0,2016-08-02,1:24:10:0
JPY=,102.42,102.47,102.42,7557.0,2016-08-02,1:24:11:0
JPY=,102.42,102.47,102.42,7558.0,2016-08-02,1:24:13:0
JPY=,102.43,102.46,102.43,7559.0,2016-08-02,1:24:13:0
JPY=,102.41,102.46,102.41,7560.0,2016-08-02,1:24:13:0
JPY=,102.43,102.46,102.43,7561.0,2016-08-02,1:24:18:0
JPY=,102.43,102.46,102.43,7562.0,2016-08-02,1:24:19:0
JPY=,102.42,102.45,102.42,7563.0,2016-08-02,1:24:20:0
JPY=,102.42,102.45,102.42,7564.0,2016-08-02,1:24:21:0
JPY=,102.41,102.46,102.41,7565.0,2016-08-02,1:24:22:0
JPY=,102.43,102.46,102.43,7566.0,2016-08-02,1:24:24:0
JPY=,102.43,102.46,102.43,7567.0,2016-08-02,1:24:25:0
JPY=,102.43,102.46,102.43,7568.0,2016-08-02,1:24:27:0
JPY=,102.43,102.46,102.43,7569.0,2016-08-02,1:24:28:0
JPY=,102.42,102.47,102.42,7570.0,2016-08-02,1:24:30:0
JPY=,102.43,102.46,102.43,7571.0,2016-08-02,1:24:31:0
JPY=,102.42,102.47,102.42,7572.0,2016-08-02,1:24:31:0
JPY=,102.42,102.47,102.42,7573.0,2016-08-02,1:24:31:0
JPY=,102.42,102.47,102.42,7574.0,2016-08-02,1:24:32:0
JPY=,102.42,102.47,102.42,7575.0,2016-08-02,1:24:32:0
JPY=,102.43,102.46,102.43,7576.0,2016-08-02,1:24:35:0
JPY=,102.43,102.46,102.43,7577.0,2016-08-02,1:24:36:0
JPY=,102.44,102.47,102.44,7578.0,2016-08-02,1:24:40:0
JPY=,102.44,102.47,102.44,7579.0,2016-08-02,1:24:44:0
JPY=,102.43,102.46,102.43,7580.0,2016-08-02,1:24:45:0
JPY=,102.43,102.46,102.43,7581.0,2016-08-02,1:24:49:0
JPY=,102.43,102.46,102.43,7582.0,2016-08-02,1:24:51:0
JPY=,102.43,102.46,102.43,7583.0,2016-08-02,1:24:53:0
JPY=,102.42,102.47,102.42,7584.0,2016-08-02,1:24:54:0
JPY=,102.42,102.47,102.42,7585.0,2016-08-02,1:24:54:0
JPY=,102.42,102.47,102.42,7586.0,2016-08-02,1:24:57:0
JPY=,102.43,102.46,102.43,7587.0,2016-08-02,1:24:58:0
JPY=,102.41,102.46,102.41,7588.0,2016-08-02,1:25:1:0
JPY=,102.44,102.45,102.44,7589.0,2016-08-02,1:25:1:0
JPY=,102.44,102.45,102.44,7590.0,2016-08-02,1:25:4:0
JPY=,102.42,102.47,102.42,7591.0,2016-08-02,1:25:31:0
JPY=,102.43,102.46,102.43,7592.0,2016-08-02,1:25:32:0
JPY=,102.43,102.48,102.43,7593.0,2016-08-02,1:25:33:0
JPY=,102.43,102.48,102.43,7594.0,2016-08-02,1:25:33:0
JPY=,102.44,102.47,102.44,7595.0,2016-08-02,1:25:33:0
JPY=,102.42,102.47,102.42,7596.0,2016-08-02,1:25:34:0
JPY=,102.42,102.47,102.42,7597.0,2016-08-02,1:25:38:0
JPY=,102.44,102.47,102.44,7598.0,2016-08-02,1:25:54:0
JPY=,102.43,102.46,102.43,7599.0,2016-08-02,1:25:55:0
JPY=,102.42,102.47,102.42,7600.0,2016-08-02,1:25:55:0
JPY=,102.42,102.47,102.42,7601.0,2016-08-02,1:25:55:0
JPY=,102.41,102.46,102.41,7602.0,2016-08-02,1:25:55:0
JPY=,102.43,102.46,102.43,7603.0,2016-08-02,1:25:56:0
JPY=,102.42,102.46,102.42,7604.0,2016-08-02,1:25:56:0
JPY=,102.43,102.46,102.43,7605.0,2016-08-02,1:25:58:0
JPY=,102.42,102.47,102.42,7606.0,2016-08-02,1:26:0:0
JPY=,102.44,102.49,102.44,7607.0,2016-08-02,1:26:0:0
JPY=,102.44,102.45,102.44,7608.0,2016-08-02,1:26:1:0
JPY=,102.41,102.46,102.41,7609.0,2016-08-02,1:26:1:0
JPY=,102.43,102.46,102.43,7610.0,2016-08-02,1:26:1:0
JPY=,102.42,102.47,102.42,7611.0,2016-08-02,1:26:2:0
JPY=,102.43,102.46,102.43,7612.0,2016-08-02,1:26:2:0
JPY=,102.43,102.46,102.43,7613.0,2016-08-02,1:26:3:0
JPY=,102.44,102.47,102.44,7614.0,2016-08-02,1:26:3:0
JPY=,102.43,102.48,102.43,7615.0,2016-08-02,1:26:5:0
JPY=,102.44,102.48,102.44,7616.0,2016-08-02,1:26:8:0
JPY=,102.44,102.45,102.44,7617.0,2016-08-02,1:26:11:0
JPY=,102.44,102.47,102.44,7618.0,2016-08-02,1:26:11:0
JPY=,102.45,102.48,102.45,7619.0,2016-08-02,1:26:12:0
JPY=,102.45,102.48,102.45,7620.0,2016-08-02,1:26:13:0
JPY=,102.44,102.49,102.44,7621.0,2016-08-02,1:26:14:0
JPY=,102.43,102.48,102.43,7622.0,2016-08-02,1:26:14:0
JPY=,102.44,102.49,102.44,7623.0,2016-08-02,1:26:15:0
JPY=,102.45,102.48,102.45,7624.0,2016-08-02,1:26:15:0
JPY=,102.45,102.49,102.45,7625.0,2016-08-02,1:26:18:0
JPY=,102.44,102.47,102.44,7626.0,2016-08-02,1:26:21:0
JPY=,102.42,102.47,102.42,7627.0,2016-08-02,1:26:22:0
JPY=,102.44,102.47,102.44,7628.0,2016-08-02,1:26:22:0
JPY=,102.43,102.48,102.43,7629.0,2016-08-02,1:26:25:0
JPY=,102.44,102.47,102.44,7630.0,2016-08-02,1:26:25:0
JPY=,102.44,102.47,102.44,7631.0,2016-08-02,1:26:28:0
JPY=,102.44,102.48,102.44,7632.0,2016-08-02,1:26:30:0
JPY=,102.42,102.47,102.42,7633.0,2016-08-02,1:26:31:0
JPY=,102.44,102.47,102.44,7634.0,2016-08-02,1:26:31:0
JPY=,102.44,102.48,102.44,7635.0,2016-08-02,1:26:31:0
JPY=,102.44,102.47,102.44,7636.0,2016-08-02,1:26:31:0
JPY=,102.43,102.48,102.43,7637.0,2016-08-02,1:26:34:0
JPY=,102.43,102.48,102.43,7638.0,2016-08-02,1:26:37:0
JPY=,102.44,102.47,102.44,7639.0,2016-08-02,1:26:37:0
JPY=,102.44,102.47,102.44,7640.0,2016-08-02,1:26:38:0
JPY=,102.44,102.47,102.44,7641.0,2016-08-02,1:26:39:0
JPY=,102.44,102.47,102.44,7642.0,2016-08-02,1:26:41:0
JPY=,102.44,102.47,102.44,7643.0,2016-08-02,1:26:42:0
JPY=,102.44,102.47,102.44,7644.0,2016-08-02,1:26:45:0
JPY=,102.44,102.47,102.44,7645.0,2016-08-02,1:26:47:0
JPY=,102.44,102.47,102.44,7646.0,2016-08-02,1:26:50:0
JPY=,102.43,102.48,102.43,7647.0,2016-08-02,1:26:50:0
JPY=,102.43,102.48,102.43,7648.0,2016-08-02,1:26:53:0
JPY=,102.44,102.47,102.44,7649.0,2016-08-02,1:26:54:0
JPY=,102.43,102.48,102.43,7650.0,2016-08-02,1:26:55:0
JPY=,102.44,102.47,102.44,7651.0,2016-08-02,1:26:55:0
JPY=,102.44,102.47,102.44,7652.0,2016-08-02,1:26:58:0
JPY=,102.44,102.49,102.44,7653.0,2016-08-02,1:26:58:0
JPY=,102.44,102.47,102.44,7654.0,2016-08-02,1:26:58:0
JPY=,102.43,102.48,102.43,7655.0,2016-08-02,1:27:0:0
JPY=,102.45,102.5,102.45,7656.0,2016-08-02,1:27:0:0
JPY=,102.45,102.46,102.45,7657.0,2016-08-02,1:27:1:0
JPY=,102.44,102.47,102.44,7658.0,2016-08-02,1:27:2:0
JPY=,102.44,102.47,102.44,7659.0,2016-08-02,1:27:5:0
JPY=,102.44,102.47,102.44,7660.0,2016-08-02,1:27:6:0
JPY=,102.44,102.47,102.44,7661.0,2016-08-02,1:27:8:0
JPY=,102.43,102.46,102.43,7662.0,2016-08-02,1:27:9:0
JPY=,102.42,102.47,102.42,7663.0,2016-08-02,1:27:9:0
JPY=,102.43,102.46,102.43,7664.0,2016-08-02,1:27:11:0
JPY=,102.43,102.47,102.43,7665.0,2016-08-02,1:27:12:0
JPY=,102.44,102.47,102.44,7666.0,2016-08-02,1:27:13:0
JPY=,102.43,102.46,102.43,7667.0,2016-08-02,1:27:14:0
JPY=,102.42,102.47,102.42,7668.0,2016-08-02,1:27:15:0
JPY=,102.43,102.46,102.43,7669.0,2016-08-02,1:27:15:0
JPY=,102.43,102.46,102.43,7670.0,2016-08-02,1:27:16:0
JPY=,102.43,102.46,102.43,7671.0,2016-08-02,1:27:18:0
JPY=,102.42,102.47,102.42,7672.0,2016-08-02,1:27:20:0
JPY=,102.43,102.46,102.43,7673.0,2016-08-02,1:27:27:0
JPY=,102.43,102.46,102.43,7674.0,2016-08-02,1:27:28:0
JPY=,102.41,102.46,102.41,7675.0,2016-08-02,1:27:28:0
JPY=,102.43,102.46,102.43,7676.0,2016-08-02,1:27:29:0
JPY=,102.42,102.45,102.42,7677.0,2016-08-02,1:27:29:0
JPY=,102.42,102.47,102.42,7678.0,2016-08-02,1:27:30:0
JPY=,102.42,102.47,102.42,7679.0,2016-08-02,1:27:30:0
JPY=,102.4,102.45,102.4,7680.0,2016-08-02,1:27:31:0
JPY=,102.42,102.47,102.42,7681.0,2016-08-02,1:27:35:0
JPY=,102.42,102.47,102.42,7682.0,2016-08-02,1:27:40:0
JPY=,102.43,102.46,102.43,7683.0,2016-08-02,1:27:40:0
JPY=,102.42,102.47,102.42,7684.0,2016-08-02,1:27:40:0
JPY=,102.43,102.46,102.43,7685.0,2016-08-02,1:27:41:0
JPY=,102.43,102.46,102.43,7686.0,2016-08-02,1:27:43:0
JPY=,102.42,102.47,102.42,7687.0,2016-08-02,1:27:43:0
JPY=,102.42,102.47,102.42,7688.0,2016-08-02,1:27:50:0
JPY=,102.42,102.47,102.42,7689.0,2016-08-02,1:27:51:0
JPY=,102.41,102.46,102.41,7690.0,2016-08-02,1:27:52:0
JPY=,102.43,102.46,102.43,7691.0,2016-08-02,1:27:53:0
JPY=,102.42,102.45,102.42,7692.0,2016-08-02,1:27:53:0
JPY=,102.41,102.46,102.41,7693.0,2016-08-02,1:27:55:0
JPY=,102.42,102.46,102.42,7694.0,2016-08-02,1:27:56:0
JPY=,102.42,102.46,102.42,7695.0,2016-08-02,1:27:57:0
JPY=,102.42,102.45,102.42,7696.0,2016-08-02,1:27:59:0
JPY=,102.42,102.47,102.42,7697.0,2016-08-02,1:27:59:0
JPY=,102.4,102.45,102.4,7698.0,2016-08-02,1:27:59:0
JPY=,102.41,102.44,102.41,7699.0,2016-08-02,1:28:0:0
JPY=,102.4,102.45,102.4,7700.0,2016-08-02,1:28:0:0
JPY=,102.41,102.44,102.41,7701.0,2016-08-02,1:28:1:0
JPY=,102.39,102.44,102.39,7702.0,2016-08-02,1:28:1:0
JPY=,102.41,102.44,102.41,7703.0,2016-08-02,1:28:4:0
JPY=,102.41,102.45,102.41,7704.0,2016-08-02,1:28:8:0
JPY=,102.41,102.45,102.41,7705.0,2016-08-02,1:28:9:0
JPY=,102.41,102.44,102.41,7706.0,2016-08-02,1:28:10:0
JPY=,102.4,102.45,102.4,7707.0,2016-08-02,1:28:10:0
JPY=,102.41,102.44,102.41,7708.0,2016-08-02,1:28:14:0
JPY=,102.41,102.44,102.41,7709.0,2016-08-02,1:28:15:0
JPY=,102.4,102.45,102.4,7710.0,2016-08-02,1:28:15:0
JPY=,102.4,102.43,102.4,7711.0,2016-08-02,1:28:16:0
JPY=,102.39,102.44,102.39,7712.0,2016-08-02,1:28:17:0
JPY=,102.4,102.44,102.4,7713.0,2016-08-02,1:28:18:0
JPY=,102.42,102.44,102.42,7714.0,2016-08-02,1:28:18:0
JPY=,102.38,102.43,102.38,7715.0,2016-08-02,1:28:19:0
JPY=,102.39,102.44,102.39,7716.0,2016-08-02,1:28:20:0
JPY=,102.4,102.43,102.4,7717.0,2016-08-02,1:28:20:0
JPY=,102.4,102.43,102.4,7718.0,2016-08-02,1:28:21:0
JPY=,102.4,102.43,102.4,7719.0,2016-08-02,1:28:23:0
JPY=,102.39,102.44,102.39,7720.0,2016-08-02,1:28:24:0
JPY=,102.4,102.43,102.4,7721.0,2016-08-02,1:28:28:0
JPY=,102.39,102.44,102.39,7722.0,2016-08-02,1:28:30:0
JPY=,102.38,102.43,102.38,7723.0,2016-08-02,1:28:31:0
JPY=,102.41,102.44,102.41,7724.0,2016-08-02,1:28:31:0
JPY=,102.41,102.44,102.41,7725.0,2016-08-02,1:28:34:0
JPY=,102.39,102.44,102.39,7726.0,2016-08-02,1:28:36:0
JPY=,102.4,102.45,102.4,7727.0,2016-08-02,1:28:38:0
JPY=,102.4,102.45,102.4,7728.0,2016-08-02,1:28:40:0
JPY=,102.4,102.43,102.4,7729.0,2016-08-02,1:28:45:0
JPY=,102.4,102.43,102.4,7730.0,2016-08-02,1:28:46:0
JPY=,102.4,102.43,102.4,7731.0,2016-08-02,1:28:49:0
JPY=,102.41,102.44,102.41,7732.0,2016-08-02,1:28:50:0
JPY=,102.4,102.45,102.4,7733.0,2016-08-02,1:28:50:0
JPY=,102.41,102.45,102.41,7734.0,2016-08-02,1:28:50:0
JPY=,102.4,102.45,102.4,7735.0,2016-08-02,1:28:50:0
JPY=,102.41,102.44,102.41,7736.0,2016-08-02,1:28:51:0
JPY=,102.41,102.44,102.41,7737.0,2016-08-02,1:28:54:0
JPY=,102.41,102.44,102.41,7738.0,2016-08-02,1:28:55:0
JPY=,102.4,102.45,102.4,7739.0,2016-08-02,1:28:55:0
JPY=,102.41,102.44,102.41,7740.0,2016-08-02,1:28:56:0
JPY=,102.41,102.46,102.41,7741.0,2016-08-02,1:28:58:0
JPY=,102.41,102.44,102.41,7742.0,2016-08-02,1:29:0:0
JPY=,102.39,102.44,102.39,7743.0,2016-08-02,1:29:1:0
JPY=,102.39,102.44,102.39,7744.0,2016-08-02,1:29:2:0
JPY=,102.41,102.44,102.41,7745.0,2016-08-02,1:29:3:0
JPY=,102.4,102.45,102.4,7746.0,2016-08-02,1:29:3:0
JPY=,102.41,102.44,102.41,7747.0,2016-08-02,1:29:7:0
JPY=,102.42,102.45,102.42,7748.0,2016-08-02,1:29:11:0
JPY=,102.41,102.46,102.41,7749.0,2016-08-02,1:29:11:0
JPY=,102.41,102.46,102.41,7750.0,2016-08-02,1:29:12:0
JPY=,102.42,102.46,102.42,7751.0,2016-08-02,1:29:14:0
JPY=,102.41,102.46,102.41,7752.0,2016-08-02,1:29:15:0
JPY=,102.42,102.45,102.42,7753.0,2016-08-02,1:29:15:0
JPY=,102.42,102.46,102.42,7754.0,2016-08-02,1:29:15:0
JPY=,102.42,102.45,102.42,7755.0,2016-08-02,1:29:19:0
JPY=,102.42,102.45,102.42,7756.0,2016-08-02,1:29:24:0
JPY=,102.42,102.45,102.42,7757.0,2016-08-02,1:29:25:0
JPY=,102.41,102.46,102.41,7758.0,2016-08-02,1:29:25:0
JPY=,102.4,102.45,102.4,7759.0,2016-08-02,1:29:27:0
JPY=,102.41,102.44,102.41,7760.0,2016-08-02,1:29:27:0
JPY=,102.42,102.45,102.42,7761.0,2016-08-02,1:29:31:0
JPY=,102.39,102.44,102.39,7762.0,2016-08-02,1:29:31:0
JPY=,102.4,102.45,102.4,7763.0,2016-08-02,1:29:35:0
JPY=,102.4,102.45,102.4,7764.0,2016-08-02,1:29:35:0
JPY=,102.4,102.45,102.4,7765.0,2016-08-02,1:29:35:0
JPY=,102.42,102.45,102.42,7766.0,2016-08-02,1:29:36:0
JPY=,102.41,102.45,102.41,7767.0,2016-08-02,1:29:36:0
JPY=,102.41,102.44,102.41,7768.0,2016-08-02,1:29:39:0
JPY=,102.41,102.44,102.41,7769.0,2016-08-02,1:29:43:0
JPY=,102.41,102.44,102.41,7770.0,2016-08-02,1:29:47:0
JPY=,102.41,102.44,102.41,7771.0,2016-08-02,1:29:51:0
JPY=,102.4,102.45,102.4,7772.0,2016-08-02,1:29:55:0
JPY=,102.4,102.45,102.4,7773.0,2016-08-02,1:29:55:0
JPY=,102.42,102.43,102.42,7774.0,2016-08-02,1:30:1:0
JPY=,102.39,102.44,102.39,7775.0,2016-08-02,1:30:1:0
JPY=,102.41,102.44,102.41,7776.0,2016-08-02,1:30:2:0
JPY=,102.42,102.45,102.42,7777.0,2016-08-02,1:30:3:0
JPY=,102.41,102.46,102.41,7778.0,2016-08-02,1:30:3:0
JPY=,102.4,102.45,102.4,7779.0,2016-08-02,1:30:4:0
JPY=,102.41,102.46,102.41,7780.0,2016-08-02,1:30:5:0
JPY=,102.4,102.45,102.4,7781.0,2016-08-02,1:30:5:0
JPY=,102.42,102.45,102.42,7782.0,2016-08-02,1:30:6:0
JPY=,102.4,102.45,102.4,7783.0,2016-08-02,1:30:6:0
JPY=,102.42,102.46,102.42,7784.0,2016-08-02,1:30:7:0
JPY=,102.42,102.45,102.42,7785.0,2016-08-02,1:30:9:0
JPY=,102.42,102.45,102.42,7786.0,2016-08-02,1:30:11:0
JPY=,102.41,102.46,102.41,7787.0,2016-08-02,1:30:15:0
JPY=,102.41,102.46,102.41,7788.0,2016-08-02,1:30:15:0
JPY=,102.42,102.45,102.42,7789.0,2016-08-02,1:30:17:0
JPY=,102.42,102.44,102.42,7790.0,2016-08-02,1:30:17:0
JPY=,102.41,102.45,102.41,7791.0,2016-08-02,1:30:18:0
JPY=,102.41,102.44,102.41,7792.0,2016-08-02,1:30:19:0
JPY=,102.41,102.44,102.41,7793.0,2016-08-02,1:30:22:0
JPY=,102.39,102.44,102.39,7794.0,2016-08-02,1:30:23:0
JPY=,102.41,102.44,102.41,7795.0,2016-08-02,1:30:24:0
JPY=,102.4,102.45,102.4,7796.0,2016-08-02,1:30:25:0
JPY=,102.4,102.45,102.4,7797.0,2016-08-02,1:30:26:0
JPY=,102.41,102.44,102.41,7798.0,2016-08-02,1:30:27:0
JPY=,102.4,102.44,102.4,7799.0,2016-08-02,1:30:30:0
JPY=,102.38,102.43,102.38,7800.0,2016-08-02,1:30:31:0
JPY=,102.4,102.43,102.4,7801.0,2016-08-02,1:30:32:0
JPY=,102.39,102.44,102.39,7802.0,2016-08-02,1:30:35:0
JPY=,102.39,102.44,102.39,7803.0,2016-08-02,1:30:35:0
JPY=,102.4,102.43,102.4,7804.0,2016-08-02,1:30:35:0
JPY=,102.4,102.43,102.4,7805.0,2016-08-02,1:30:42:0
JPY=,102.38,102.43,102.38,7806.0,2016-08-02,1:30:43:0
JPY=,102.4,102.43,102.4,7807.0,2016-08-02,1:30:45:0
JPY=,102.39,102.44,102.39,7808.0,2016-08-02,1:30:45:0
JPY=,102.39,102.42,102.39,7809.0,2016-08-02,1:30:45:0
JPY=,102.4,102.43,102.4,7810.0,2016-08-02,1:30:45:0
JPY=,102.4,102.43,102.4,7811.0,2016-08-02,1:30:48:0
JPY=,102.39,102.44,102.39,7812.0,2016-08-02,1:30:51:0
JPY=,102.4,102.43,102.4,7813.0,2016-08-02,1:30:52:0
JPY=,102.39,102.44,102.39,7814.0,2016-08-02,1:30:55:0
JPY=,102.39,102.44,102.39,7815.0,2016-08-02,1:30:55:0
JPY=,102.4,102.43,102.4,7816.0,2016-08-02,1:30:58:0
JPY=,102.4,102.43,102.4,7817.0,2016-08-02,1:30:59:0
JPY=,102.41,102.42,102.41,7818.0,2016-08-02,1:31:1:0
JPY=,102.38,102.43,102.38,7819.0,2016-08-02,1:31:4:0
JPY=,102.4,102.43,102.4,7820.0,2016-08-02,1:31:4:0
JPY=,102.41,102.42,102.41,7821.0,2016-08-02,1:31:4:0
JPY=,102.37,102.42,102.37,7822.0,2016-08-02,1:31:5:0
JPY=,102.38,102.43,102.38,7823.0,2016-08-02,1:31:5:0
JPY=,102.39,102.42,102.39,7824.0,2016-08-02,1:31:7:0
JPY=,102.39,102.42,102.39,7825.0,2016-08-02,1:31:11:0
JPY=,102.39,102.43,102.39,7826.0,2016-08-02,1:31:14:0
JPY=,102.38,102.43,102.38,7827.0,2016-08-02,1:31:15:0
JPY=,102.38,102.43,102.38,7828.0,2016-08-02,1:31:15:0
JPY=,102.39,102.42,102.39,7829.0,2016-08-02,1:31:15:0
JPY=,102.39,102.42,102.39,7830.0,2016-08-02,1:31:18:0
JPY=,102.39,102.42,102.39,7831.0,2016-08-02,1:31:19:0
JPY=,102.39,102.42,102.39,7832.0,2016-08-02,1:31:20:0
JPY=,102.4,102.43,102.4,7833.0,2016-08-02,1:31:24:0
JPY=,102.37,102.42,102.37,7834.0,2016-08-02,1:31:25:0
JPY=,102.38,102.43,102.38,7835.0,2016-08-02,1:31:25:0
JPY=,102.39,102.42,102.39,7836.0,2016-08-02,1:31:27:0
JPY=,102.39,102.42,102.39,7837.0,2016-08-02,1:31:32:0
JPY=,102.39,102.42,102.39,7838.0,2016-08-02,1:31:33:0
JPY=,102.37,102.42,102.37,7839.0,2016-08-02,1:31:35:0
JPY=,102.38,102.43,102.38,7840.0,2016-08-02,1:31:35:0
JPY=,102.38,102.43,102.38,7841.0,2016-08-02,1:31:35:0
JPY=,102.38,102.42,102.38,7842.0,2016-08-02,1:31:36:0
JPY=,102.38,102.42,102.38,7843.0,2016-08-02,1:31:41:0
JPY=,102.38,102.41,102.38,7844.0,2016-08-02,1:31:42:0
JPY=,102.38,102.41,102.38,7845.0,2016-08-02,1:31:43:0
JPY=,102.38,102.41,102.38,7846.0,2016-08-02,1:31:44:0
JPY=,102.37,102.42,102.37,7847.0,2016-08-02,1:31:45:0
JPY=,102.39,102.42,102.39,7848.0,2016-08-02,1:31:48:0
JPY=,102.39,102.42,102.39,7849.0,2016-08-02,1:31:51:0
JPY=,102.39,102.42,102.39,7850.0,2016-08-02,1:31:52:0
JPY=,102.39,102.42,102.39,7851.0,2016-08-02,1:31:55:0
JPY=,102.38,102.43,102.38,7852.0,2016-08-02,1:31:55:0
JPY=,102.38,102.43,102.38,7853.0,2016-08-02,1:31:55:0
JPY=,102.39,102.43,102.39,7854.0,2016-08-02,1:31:56:0
JPY=,102.39,102.42,102.39,7855.0,2016-08-02,1:31:59:0
JPY=,102.39,102.44,102.39,7856.0,2016-08-02,1:32:0:0
JPY=,102.4,102.41,102.4,7857.0,2016-08-02,1:32:1:0
JPY=,102.39,102.42,102.39,7858.0,2016-08-02,1:32:3:0
JPY=,102.39,102.42,102.39,7859.0,2016-08-02,1:32:4:0
JPY=,102.37,102.42,102.37,7860.0,2016-08-02,1:32:5:0
JPY=,102.38,102.43,102.38,7861.0,2016-08-02,1:32:5:0
JPY=,102.38,102.42,102.38,7862.0,2016-08-02,1:32:6:0
JPY=,102.39,102.42,102.39,7863.0,2016-08-02,1:32:8:0
JPY=,102.38,102.43,102.38,7864.0,2016-08-02,1:32:9:0
JPY=,102.4,102.41,102.4,7865.0,2016-08-02,1:32:12:0
JPY=,102.38,102.41,102.38,7866.0,2016-08-02,1:32:14:0
JPY=,102.38,102.43,102.38,7867.0,2016-08-02,1:32:15:0
JPY=,102.38,102.43,102.38,7868.0,2016-08-02,1:32:15:0
JPY=,102.39,102.42,102.39,7869.0,2016-08-02,1:32:17:0
JPY=,102.39,102.42,102.39,7870.0,2016-08-02,1:32:18:0
JPY=,102.38,102.41,102.38,7871.0,2016-08-02,1:32:20:0
JPY=,102.37,102.42,102.37,7872.0,2016-08-02,1:32:21:0
JPY=,102.39,102.42,102.39,7873.0,2016-08-02,1:32:23:0
JPY=,102.39,102.42,102.39,7874.0,2016-08-02,1:32:29:0
JPY=,102.39,102.42,102.39,7875.0,2016-08-02,1:32:31:0
JPY=,102.37,102.42,102.37,7876.0,2016-08-02,1:32:31:0
JPY=,102.39,102.42,102.39,7877.0,2016-08-02,1:32:33:0
JPY=,102.37,102.42,102.37,7878.0,2016-08-02,1:32:35:0
JPY=,102.37,102.42,102.37,7879.0,2016-08-02,1:32:35:0
JPY=,102.39,102.42,102.39,7880.0,2016-08-02,1:32:38:0
JPY=,102.39,102.42,102.39,7881.0,2016-08-02,1:32:40:0
JPY=,102.39,102.42,102.39,7882.0,2016-08-02,1:32:41:0
JPY=,102.39,102.42,102.39,7883.0,2016-08-02,1:32:43:0
JPY=,102.38,102.41,102.38,7884.0,2016-08-02,1:32:48:0
JPY=,102.39,102.42,102.39,7885.0,2016-08-02,1:32:53:0
JPY=,102.39,102.42,102.39,7886.0,2016-08-02,1:32:56:0
JPY=,102.37,102.42,102.37,7887.0,2016-08-02,1:33:5:0
JPY=,102.39,102.42,102.39,7888.0,2016-08-02,1:33:5:0
JPY=,102.38,102.43,102.38,7889.0,2016-08-02,1:33:6:0
JPY=,102.38,102.43,102.38,7890.0,2016-08-02,1:33:6:0
JPY=,102.38,102.43,102.38,7891.0,2016-08-02,1:33:16:0
JPY=,102.37,102.42,102.37,7892.0,2016-08-02,1:33:26:0
JPY=,102.37,102.42,102.37,7893.0,2016-08-02,1:33:26:0
JPY=,102.37,102.42,102.37,7894.0,2016-08-02,1:33:29:0
JPY=,102.39,102.42,102.39,7895.0,2016-08-02,1:33:30:0
JPY=,102.39,102.42,102.39,7896.0,2016-08-02,1:33:31:0
JPY=,102.37,102.42,102.37,7897.0,2016-08-02,1:33:35:0
JPY=,102.38,102.43,102.38,7898.0,2016-08-02,1:33:36:0
JPY=,102.39,102.42,102.39,7899.0,2016-08-02,1:33:36:0
JPY=,102.39,102.42,102.39,7900.0,2016-08-02,1:33:40:0
JPY=,102.37,102.4,102.37,7901.0,2016-08-02,1:33:41:0
JPY=,102.39,102.43,102.39,7902.0,2016-08-02,1:33:44:0
JPY=,102.38,102.43,102.38,7903.0,2016-08-02,1:33:45:0
JPY=,102.38,102.43,102.38,7904.0,2016-08-02,1:33:45:0
JPY=,102.39,102.42,102.39,7905.0,2016-08-02,1:33:48:0
JPY=,102.39,102.42,102.39,7906.0,2016-08-02,1:33:55:0
JPY=,102.39,102.42,102.39,7907.0,2016-08-02,1:33:56:0
JPY=,102.39,102.42,102.39,7908.0,2016-08-02,1:33:59:0
JPY=,102.4,102.41,102.4,7909.0,2016-08-02,1:34:1:0
JPY=,102.37,102.42,102.37,7910.0,2016-08-02,1:34:5:0
JPY=,102.37,102.42,102.37,7911.0,2016-08-02,1:34:10:0
JPY=,102.38,102.43,102.38,7912.0,2016-08-02,1:34:14:0
JPY=,102.38,102.43,102.38,7913.0,2016-08-02,1:34:14:0
JPY=,102.38,102.41,102.38,7914.0,2016-08-02,1:34:17:0
JPY=,102.38,102.42,102.38,7915.0,2016-08-02,1:34:18:0
JPY=,102.38,102.41,102.38,7916.0,2016-08-02,1:34:19:0
JPY=,102.38,102.41,102.38,7917.0,2016-08-02,1:34:20:0
JPY=,102.38,102.41,102.38,7918.0,2016-08-02,1:34:21:0
JPY=,102.36,102.41,102.36,7919.0,2016-08-02,1:34:21:0
JPY=,102.38,102.41,102.38,7920.0,2016-08-02,1:34:23:0
JPY=,102.37,102.42,102.37,7921.0,2016-08-02,1:34:24:0
JPY=,102.4,102.43,102.4,7922.0,2016-08-02,1:34:24:0
JPY=,102.38,102.41,102.38,7923.0,2016-08-02,1:34:24:0
JPY=,102.38,102.41,102.38,7924.0,2016-08-02,1:34:24:0
JPY=,102.37,102.4,102.37,7925.0,2016-08-02,1:34:26:0
JPY=,102.37,102.41,102.37,7926.0,2016-08-02,1:34:28:0
JPY=,102.38,102.43,102.38,7927.0,2016-08-02,1:34:28:0
JPY=,102.38,102.41,102.38,7928.0,2016-08-02,1:34:30:0
JPY=,102.38,102.41,102.38,7929.0,2016-08-02,1:34:31:0
JPY=,102.38,102.41,102.38,7930.0,2016-08-02,1:34:33:0
JPY=,102.37,102.42,102.37,7931.0,2016-08-02,1:34:34:0
JPY=,102.37,102.42,102.37,7932.0,2016-08-02,1:34:34:0
JPY=,102.38,102.41,102.38,7933.0,2016-08-02,1:34:34:0
JPY=,102.38,102.41,102.38,7934.0,2016-08-02,1:34:35:0
JPY=,102.38,102.41,102.38,7935.0,2016-08-02,1:34:36:0
JPY=,102.38,102.41,102.38,7936.0,2016-08-02,1:34:40:0
JPY=,102.38,102.41,102.38,7937.0,2016-08-02,1:34:41:0
JPY=,102.38,102.41,102.38,7938.0,2016-08-02,1:34:44:0
JPY=,102.36,102.41,102.36,7939.0,2016-08-02,1:34:45:0
JPY=,102.38,102.41,102.38,7940.0,2016-08-02,1:34:47:0
JPY=,102.38,102.41,102.38,7941.0,2016-08-02,1:34:48:0
JPY=,102.38,102.41,102.38,7942.0,2016-08-02,1:34:52:0
JPY=,102.38,102.4,102.38,7943.0,2016-08-02,1:34:53:0
JPY=,102.38,102.41,102.38,7944.0,2016-08-02,1:34:53:0
JPY=,102.36,102.41,102.36,7945.0,2016-08-02,1:34:54:0
JPY=,102.38,102.41,102.38,7946.0,2016-08-02,1:34:54:0
JPY=,102.37,102.42,102.37,7948.0,2016-08-02,1:34:55:0
JPY=,102.37,102.42,102.37,7948.0,2016-08-02,1:34:55:0
JPY=,102.38,102.41,102.38,7949.0,2016-08-02,1:34:55:0
JPY=,102.39,102.42,102.39,7950.0,2016-08-02,1:34:57:0
JPY=,102.39,102.42,102.39,7951.0,2016-08-02,1:34:58:0
JPY=,102.39,102.42,102.39,7952.0,2016-08-02,1:34:59:0
JPY=,102.38,102.42,102.38,7953.0,2016-08-02,1:35:0:0
JPY=,102.39,102.42,102.39,7954.0,2016-08-02,1:35:1:0
JPY=,102.37,102.42,102.37,7955.0,2016-08-02,1:35:5:0
JPY=,102.37,102.42,102.37,7956.0,2016-08-02,1:35:5:0
JPY=,102.37,102.42,102.37,7957.0,2016-08-02,1:35:9:0
JPY=,102.38,102.41,102.38,7958.0,2016-08-02,1:35:10:0
JPY=,102.37,102.42,102.37,7959.0,2016-08-02,1:35:14:0
JPY=,102.37,102.42,102.37,7960.0,2016-08-02,1:35:15:0
JPY=,102.37,102.42,102.37,7961.0,2016-08-02,1:35:15:0
JPY=,102.38,102.41,102.38,7962.0,2016-08-02,1:35:17:0
JPY=,102.37,102.42,102.37,7963.0,2016-08-02,1:35:18:0
JPY=,102.38,102.41,102.38,7964.0,2016-08-02,1:35:26:0
JPY=,102.38,102.41,102.38,7965.0,2016-08-02,1:35:29:0
JPY=,102.38,102.41,102.38,7966.0,2016-08-02,1:35:31:0
JPY=,102.38,102.41,102.38,7967.0,2016-08-02,1:35:31:0
JPY=,102.38,102.41,102.38,7968.0,2016-08-02,1:35:33:0
JPY=,102.38,102.41,102.38,7969.0,2016-08-02,1:35:34:0
JPY=,102.36,102.41,102.36,7970.0,2016-08-02,1:35:35:0
JPY=,102.39,102.42,102.39,7971.0,2016-08-02,1:35:45:0
JPY=,102.38,102.43,102.38,7972.0,2016-08-02,1:35:45:0
JPY=,102.38,102.43,102.38,7973.0,2016-08-02,1:35:45:0
JPY=,102.38,102.43,102.38,7974.0,2016-08-02,1:35:45:0
JPY=,102.38,102.43,102.38,7975.0,2016-08-02,1:35:46:0
JPY=,102.39,102.42,102.39,7976.0,2016-08-02,1:35:48:0
JPY=,102.39,102.42,102.39,7977.0,2016-08-02,1:35:53:0
JPY=,102.38,102.43,102.38,7978.0,2016-08-02,1:35:54:0
JPY=,102.39,102.43,102.39,7979.0,2016-08-02,1:35:55:0
JPY=,102.39,102.42,102.39,7980.0,2016-08-02,1:36:0:0
JPY=,102.39,102.43,102.39,7981.0,2016-08-02,1:36:0:0
JPY=,102.4,102.41,102.4,7982.0,2016-08-02,1:36:1:0
JPY=,102.39,102.42,102.39,7983.0,2016-08-02,1:36:1:0
JPY=,102.4,102.42,102.4,7984.0,2016-08-02,1:36:3:0
JPY=,102.38,102.43,102.38,7985.0,2016-08-02,1:36:4:0
JPY=,102.37,102.42,102.37,7986.0,2016-08-02,1:36:5:0
JPY=,102.39,102.42,102.39,7987.0,2016-08-02,1:36:6:0
JPY=,102.39,102.42,102.39,7988.0,2016-08-02,1:36:12:0
JPY=,102.39,102.42,102.39,7989.0,2016-08-02,1:36:16:0
JPY=,102.39,102.42,102.39,7990.0,2016-08-02,1:36:16:0
JPY=,102.37,102.42,102.37,7991.0,2016-08-02,1:36:23:0
JPY=,102.38,102.43,102.38,7992.0,2016-08-02,1:36:30:0
JPY=,102.39,102.42,102.39,7993.0,2016-08-02,1:36:30:0
JPY=,102.37,102.42,102.37,7994.0,2016-08-02,1:36:30:0
JPY=,102.38,102.43,102.38,7995.0,2016-08-02,1:36:33:0
JPY=,102.38,102.43,102.38,7996.0,2016-08-02,1:36:33:0
JPY=,102.37,102.42,102.37,7997.0,2016-08-02,1:36:35:0
JPY=,102.39,102.42,102.39,7998.0,2016-08-02,1:36:38:0
JPY=,102.38,102.41,102.38,7999.0,2016-08-02,1:36:39:0
JPY=,102.37,102.42,102.37,8000.0,2016-08-02,1:36:39:0
JPY=,102.38,102.41,102.38,8001.0,2016-08-02,1:36:40:0
JPY=,102.37,102.42,102.37,8002.0,2016-08-02,1:36:40:0
JPY=,102.37,102.42,102.37,8003.0,2016-08-02,1:36:43:0
JPY=,102.38,102.41,102.38,8004.0,2016-08-02,1:36:47:0
JPY=,102.38,102.41,102.38,8005.0,2016-08-02,1:36:48:0
JPY=,102.38,102.41,102.38,8006.0,2016-08-02,1:36:49:0
JPY=,102.39,102.42,102.39,8007.0,2016-08-02,1:36:50:0
JPY=,102.38,102.42,102.38,8008.0,2016-08-02,1:36:50:0
JPY=,102.39,102.42,102.39,8009.0,2016-08-02,1:36:52:0
JPY=,102.39,102.42,102.39,8010.0,2016-08-02,1:36:53:0
JPY=,102.37,102.42,102.37,8011.0,2016-08-02,1:36:53:0
JPY=,102.37,102.42,102.37,8012.0,2016-08-02,1:36:53:0
JPY=,102.39,102.42,102.39,8013.0,2016-08-02,1:36:54:0
JPY=,102.37,102.42,102.37,8014.0,2016-08-02,1:36:54:0
JPY=,102.4,102.41,102.4,8015.0,2016-08-02,1:37:2:0
JPY=,102.39,102.43,102.39,8016.0,2016-08-02,1:37:2:0
JPY=,102.39,102.42,102.39,8017.0,2016-08-02,1:37:2:0
JPY=,102.38,102.43,102.38,8018.0,2016-08-02,1:37:3:0
JPY=,102.37,102.42,102.37,8019.0,2016-08-02,1:37:5:0
JPY=,102.38,102.43,102.38,8020.0,2016-08-02,1:37:5:0
JPY=,102.4,102.43,102.4,8021.0,2016-08-02,1:37:8:0
JPY=,102.38,102.43,102.38,8022.0,2016-08-02,1:37:8:0
JPY=,102.4,102.43,102.4,8023.0,2016-08-02,1:37:9:0
JPY=,102.4,102.44,102.4,8024.0,2016-08-02,1:37:12:0
JPY=,102.39,102.44,102.39,8025.0,2016-08-02,1:37:13:0
JPY=,102.39,102.44,102.39,8026.0,2016-08-02,1:37:13:0
JPY=,102.4,102.43,102.4,8027.0,2016-08-02,1:37:14:0
JPY=,102.4,102.43,102.4,8028.0,2016-08-02,1:37:15:0
JPY=,102.4,102.43,102.4,8029.0,2016-08-02,1:37:16:0
JPY=,102.38,102.43,102.38,8030.0,2016-08-02,1:37:16:0
JPY=,102.4,102.43,102.4,8031.0,2016-08-02,1:37:17:0
JPY=,102.4,102.43,102.4,8032.0,2016-08-02,1:37:18:0
JPY=,102.4,102.43,102.4,8033.0,2016-08-02,1:37:23:0
JPY=,102.38,102.43,102.38,8034.0,2016-08-02,1:37:23:0
JPY=,102.39,102.43,102.39,8035.0,2016-08-02,1:37:23:0
JPY=,102.39,102.42,102.39,8036.0,2016-08-02,1:37:24:0
JPY=,102.39,102.42,102.39,8037.0,2016-08-02,1:37:26:0
JPY=,102.37,102.42,102.37,8038.0,2016-08-02,1:37:26:0
JPY=,102.39,102.42,102.39,8039.0,2016-08-02,1:37:27:0
JPY=,102.37,102.42,102.37,8041.0,2016-08-02,1:37:33:0
JPY=,102.37,102.42,102.37,8041.0,2016-08-02,1:37:33:0
JPY=,102.39,102.42,102.39,8042.0,2016-08-02,1:37:33:0
JPY=,102.38,102.42,102.38,8043.0,2016-08-02,1:37:34:0
JPY=,102.37,102.42,102.37,8044.0,2016-08-02,1:37:35:0
JPY=,102.39,102.42,102.39,8045.0,2016-08-02,1:37:36:0
JPY=,102.38,102.43,102.38,8046.0,2016-08-02,1:37:36:0
JPY=,102.37,102.42,102.37,8047.0,2016-08-02,1:37:37:0
JPY=,102.39,102.42,102.39,8048.0,2016-08-02,1:37:42:0
JPY=,102.38,102.41,102.38,8049.0,2016-08-02,1:37:44:0
JPY=,102.37,102.42,102.37,8050.0,2016-08-02,1:37:44:0
JPY=,102.39,102.42,102.39,8051.0,2016-08-02,1:37:44:0
JPY=,102.38,102.41,102.38,8052.0,2016-08-02,1:37:45:0
JPY=,102.4,102.43,102.4,8053.0,2016-08-02,1:37:45:0
JPY=,102.38,102.43,102.38,8054.0,2016-08-02,1:37:51:0
JPY=,102.37,102.42,102.37,8055.0,2016-08-02,1:37:53:0
JPY=,102.37,102.42,102.37,8056.0,2016-08-02,1:37:53:0
JPY=,102.37,102.42,102.37,8057.0,2016-08-02,1:37:56:0
JPY=,102.4,102.45,102.4,8058.0,2016-08-02,1:38:0:0
JPY=,102.39,102.4,102.39,8059.0,2016-08-02,1:38:1:0
JPY=,102.36,102.41,102.36,8060.0,2016-08-02,1:38:5:0
JPY=,102.38,102.41,102.38,8061.0,2016-08-02,1:38:5:0
JPY=,102.39,102.41,102.39,8062.0,2016-08-02,1:38:6:0
JPY=,102.38,102.43,102.38,8063.0,2016-08-02,1:38:7:0
JPY=,102.39,102.44,102.39,8064.0,2016-08-02,1:38:7:0
JPY=,102.39,102.42,102.39,8065.0,2016-08-02,1:38:7:0
JPY=,102.39,102.42,102.39,8066.0,2016-08-02,1:38:8:0
JPY=,102.39,102.42,102.39,8067.0,2016-08-02,1:38:10:0
JPY=,102.39,102.42,102.39,8068.0,2016-08-02,1:38:11:0
JPY=,102.38,102.41,102.38,8069.0,2016-08-02,1:38:12:0
JPY=,102.38,102.41,102.38,8070.0,2016-08-02,1:38:13:0
JPY=,102.36,102.41,102.36,8071.0,2016-08-02,1:38:13:0
JPY=,102.36,102.41,102.36,8072.0,2016-08-02,1:38:13:0
JPY=,102.37,102.42,102.37,8073.0,2016-08-02,1:38:14:0
JPY=,102.38,102.41,102.38,8074.0,2016-08-02,1:38:16:0
JPY=,102.37,102.42,102.37,8075.0,2016-08-02,1:38:16:0
JPY=,102.38,102.41,102.38,8076.0,2016-08-02,1:38:18:0
JPY=,102.38,102.41,102.38,8077.0,2016-08-02,1:38:25:0
JPY=,102.39,102.42,102.39,8078.0,2016-08-02,1:38:31:0
JPY=,102.37,102.42,102.37,8079.0,2016-08-02,1:38:31:0
JPY=,102.37,102.42,102.37,8080.0,2016-08-02,1:38:32:0
JPY=,102.37,102.42,102.37,8081.0,2016-08-02,1:38:33:0
JPY=,102.37,102.42,102.37,8082.0,2016-08-02,1:38:34:0
JPY=,102.36,102.41,102.36,8083.0,2016-08-02,1:38:35:0
JPY=,102.38,102.41,102.38,8084.0,2016-08-02,1:38:38:0
JPY=,102.38,102.41,102.38,8085.0,2016-08-02,1:38:40:0
JPY=,102.37,102.42,102.37,8086.0,2016-08-02,1:38:41:0
JPY=,102.38,102.41,102.38,8087.0,2016-08-02,1:38:46:0
JPY=,102.38,102.41,102.38,8088.0,2016-08-02,1:38:48:0
JPY=,102.37,102.42,102.37,8089.0,2016-08-02,1:38:53:0
JPY=,102.38,102.41,102.38,8090.0,2016-08-02,1:38:55:0
JPY=,102.38,102.41,102.38,8091.0,2016-08-02,1:38:56:0
JPY=,102.39,102.4,102.39,8092.0,2016-08-02,1:39:1:0
JPY=,102.36,102.41,102.36,8093.0,2016-08-02,1:39:5:0
JPY=,102.38,102.41,102.38,8094.0,2016-08-02,1:39:5:0
JPY=,102.37,102.42,102.37,8095.0,2016-08-02,1:39:5:0
JPY=,102.39,102.42,102.39,8096.0,2016-08-02,1:39:5:0
JPY=,102.37,102.42,102.37,8097.0,2016-08-02,1:39:6:0
JPY=,102.37,102.42,102.37,8098.0,2016-08-02,1:39:10:0
JPY=,102.39,102.42,102.39,8099.0,2016-08-02,1:39:11:0
JPY=,102.38,102.41,102.38,8100.0,2016-08-02,1:39:12:0
JPY=,102.38,102.43,102.38,8101.0,2016-08-02,1:39:13:0
JPY=,102.39,102.42,102.39,8102.0,2016-08-02,1:39:14:0
JPY=,102.38,102.43,102.38,8103.0,2016-08-02,1:39:14:0
JPY=,102.39,102.42,102.39,8104.0,2016-08-02,1:39:16:0
JPY=,102.38,102.43,102.38,8105.0,2016-08-02,1:39:17:0
JPY=,102.39,102.42,102.39,8106.0,2016-08-02,1:39:18:0
JPY=,102.39,102.42,102.39,8107.0,2016-08-02,1:39:20:0
JPY=,102.39,102.42,102.39,8108.0,2016-08-02,1:39:23:0
JPY=,102.39,102.43,102.39,8109.0,2016-08-02,1:39:24:0
JPY=,102.39,102.42,102.39,8110.0,2016-08-02,1:39:25:0
JPY=,102.38,102.43,102.38,8111.0,2016-08-02,1:39:26:0
JPY=,102.38,102.43,102.38,8112.0,2016-08-02,1:39:31:0
JPY=,102.39,102.42,102.39,8113.0,2016-08-02,1:39:32:0
JPY=,102.38,102.43,102.38,8114.0,2016-08-02,1:39:33:0
JPY=,102.38,102.43,102.38,8115.0,2016-08-02,1:39:35:0
JPY=,102.39,102.42,102.39,8116.0,2016-08-02,1:39:35:0
JPY=,102.39,102.42,102.39,8117.0,2016-08-02,1:39:40:0
JPY=,102.39,102.42,102.39,8118.0,2016-08-02,1:39:41:0
JPY=,102.39,102.42,102.39,8119.0,2016-08-02,1:39:43:0
JPY=,102.39,102.42,102.39,8120.0,2016-08-02,1:39:59:0
JPY=,102.39,102.42,102.39,8121.0,2016-08-02,1:40:0:0
JPY=,102.37,102.42,102.37,8122.0,2016-08-02,1:40:0:0
JPY=,102.4,102.41,102.4,8123.0,2016-08-02,1:40:1:0
JPY=,102.39,102.42,102.39,8124.0,2016-08-02,1:40:1:0
JPY=,102.38,102.43,102.38,8125.0,2016-08-02,1:40:1:0
JPY=,102.38,102.43,102.38,8126.0,2016-08-02,1:40:1:0
JPY=,102.4,102.41,102.4,8127.0,2016-08-02,1:40:2:0
JPY=,102.37,102.42,102.37,8128.0,2016-08-02,1:40:5:0
JPY=,102.38,102.42,102.38,8129.0,2016-08-02,1:40:8:0
JPY=,102.38,102.41,102.38,8130.0,2016-08-02,1:40:8:0
JPY=,102.36,102.41,102.36,8131.0,2016-08-02,1:40:9:0
JPY=,102.37,102.42,102.37,8132.0,2016-08-02,1:40:10:0
JPY=,102.36,102.41,102.36,8133.0,2016-08-02,1:40:10:0
JPY=,102.37,102.42,102.37,8134.0,2016-08-02,1:40:14:0
JPY=,102.39,102.42,102.39,8135.0,2016-08-02,1:40:14:0
JPY=,102.37,102.42,102.37,8136.0,2016-08-02,1:40:20:0
JPY=,102.37,102.42,102.37,8137.0,2016-08-02,1:40:20:0
JPY=,102.37,102.42,102.37,8138.0,2016-08-02,1:40:21:0
JPY=,102.38,102.41,102.38,8139.0,2016-08-02,1:40:22:0
JPY=,102.39,102.42,102.39,8140.0,2016-08-02,1:40:23:0
JPY=,102.39,102.42,102.39,8141.0,2016-08-02,1:40:24:0
JPY=,102.39,102.42,102.39,8142.0,2016-08-02,1:40:27:0
JPY=,102.38,102.43,102.38,8143.0,2016-08-02,1:40:29:0
JPY=,102.38,102.43,102.38,8144.0,2016-08-02,1:40:30:0
JPY=,102.39,102.42,102.39,8145.0,2016-08-02,1:40:32:0
JPY=,102.39,102.42,102.39,8146.0,2016-08-02,1:40:33:0
JPY=,102.39,102.42,102.39,8147.0,2016-08-02,1:40:34:0
JPY=,102.37,102.42,102.37,8148.0,2016-08-02,1:40:35:0
JPY=,102.38,102.43,102.38,8149.0,2016-08-02,1:40:37:0
JPY=,102.39,102.42,102.39,8150.0,2016-08-02,1:40:38:0
JPY=,102.39,102.42,102.39,8151.0,2016-08-02,1:40:39:0
JPY=,102.38,102.43,102.38,8152.0,2016-08-02,1:40:39:0
JPY=,102.39,102.43,102.39,8153.0,2016-08-02,1:40:39:0
JPY=,102.39,102.42,102.39,8154.0,2016-08-02,1:40:40:0
JPY=,102.38,102.43,102.38,8155.0,2016-08-02,1:40:42:0
JPY=,102.39,102.42,102.39,8156.0,2016-08-02,1:40:42:0
JPY=,102.39,102.42,102.39,8157.0,2016-08-02,1:40:45:0
JPY=,102.38,102.4,102.38,8158.0,2016-08-02,1:40:50:0
JPY=,102.39,102.42,102.39,8159.0,2016-08-02,1:40:50:0
JPY=,102.38,102.43,102.38,8160.0,2016-08-02,1:40:52:0
JPY=,102.39,102.42,102.39,8161.0,2016-08-02,1:40:56:0
JPY=,102.38,102.43,102.38,8162.0,2016-08-02,1:40:57:0
JPY=,102.38,102.43,102.38,8163.0,2016-08-02,1:40:59:0
JPY=,102.38,102.43,102.38,8164.0,2016-08-02,1:40:59:0
JPY=,102.39,102.42,102.39,8165.0,2016-08-02,1:40:59:0
JPY=,102.39,102.42,102.39,8166.0,2016-08-02,1:41:1:0
JPY=,102.38,102.42,102.38,8167.0,2016-08-02,1:41:2:0
JPY=,102.37,102.42,102.37,8168.0,2016-08-02,1:41:6:0
JPY=,102.39,102.42,102.39,8169.0,2016-08-02,1:41:7:0
JPY=,102.39,102.42,102.39,8170.0,2016-08-02,1:41:14:0
JPY=,102.37,102.42,102.37,8171.0,2016-08-02,1:41:19:0
JPY=,102.36,102.41,102.36,8172.0,2016-08-02,1:41:26:0
JPY=,102.36,102.41,102.36,8173.0,2016-08-02,1:41:27:0
JPY=,102.37,102.4,102.37,8174.0,2016-08-02,1:41:27:0
JPY=,102.36,102.41,102.36,8175.0,2016-08-02,1:41:27:0
JPY=,102.38,102.41,102.38,8176.0,2016-08-02,1:41:28:0
JPY=,102.38,102.41,102.38,8177.0,2016-08-02,1:41:30:0
JPY=,102.37,102.4,102.37,8178.0,2016-08-02,1:41:33:0
JPY=,102.37,102.4,102.37,8179.0,2016-08-02,1:41:34:0
JPY=,102.37,102.4,102.37,8180.0,2016-08-02,1:41:34:0
JPY=,102.37,102.41,102.37,8181.0,2016-08-02,1:41:36:0
JPY=,102.36,102.41,102.36,8182.0,2016-08-02,1:41:37:0
JPY=,102.36,102.41,102.36,8183.0,2016-08-02,1:41:39:0
JPY=,102.36,102.41,102.36,8184.0,2016-08-02,1:41:40:0
JPY=,102.35,102.4,102.35,8185.0,2016-08-02,1:41:40:0
JPY=,102.37,102.4,102.37,8186.0,2016-08-02,1:41:42:0
JPY=,102.36,102.41,102.36,8187.0,2016-08-02,1:41:47:0
JPY=,102.36,102.41,102.36,8188.0,2016-08-02,1:41:47:0
JPY=,102.36,102.39,102.36,8189.0,2016-08-02,1:41:53:0
JPY=,102.36,102.39,102.36,8190.0,2016-08-02,1:41:55:0
JPY=,102.34,102.39,102.34,8191.0,2016-08-02,1:41:56:0
JPY=,102.36,102.4,102.36,8192.0,2016-08-02,1:41:56:0
JPY=,102.35,102.4,102.35,8193.0,2016-08-02,1:41:57:0
JPY=,102.36,102.39,102.36,8194.0,2016-08-02,1:41:57:0
JPY=,102.34,102.39,102.34,8195.0,2016-08-02,1:41:58:0
JPY=,102.36,102.39,102.36,8196.0,2016-08-02,1:41:58:0
JPY=,102.36,102.39,102.36,8197.0,2016-08-02,1:41:59:0
JPY=,102.35,102.4,102.35,8198.0,2016-08-02,1:42:0:0
JPY=,102.35,102.4,102.35,8199.0,2016-08-02,1:42:0:0
JPY=,102.35,102.38,102.35,8200.0,2016-08-02,1:42:1:0
JPY=,102.35,102.38,102.35,8201.0,2016-08-02,1:42:3:0
JPY=,102.36,102.41,102.36,8202.0,2016-08-02,1:42:5:0
JPY=,102.35,102.38,102.35,8203.0,2016-08-02,1:42:5:0
JPY=,102.34,102.39,102.34,8204.0,2016-08-02,1:42:7:0
JPY=,102.35,102.39,102.35,8205.0,2016-08-02,1:42:8:0
JPY=,102.33,102.38,102.33,8206.0,2016-08-02,1:42:8:0
JPY=,102.34,102.37,102.34,8207.0,2016-08-02,1:42:8:0
JPY=,102.36,102.38,102.36,8208.0,2016-08-02,1:42:11:0
JPY=,102.36,102.38,102.36,8209.0,2016-08-02,1:42:14:0
JPY=,102.33,102.38,102.33,8210.0,2016-08-02,1:42:17:0
JPY=,102.34,102.37,102.34,8211.0,2016-08-02,1:42:17:0
JPY=,102.34,102.38,102.34,8212.0,2016-08-02,1:42:18:0
JPY=,102.34,102.37,102.34,8213.0,2016-08-02,1:42:20:0
JPY=,102.33,102.38,102.33,8214.0,2016-08-02,1:42:20:0
JPY=,102.32,102.37,102.32,8215.0,2016-08-02,1:42:21:0
JPY=,102.33,102.36,102.33,8216.0,2016-08-02,1:42:23:0
JPY=,102.34,102.37,102.34,8217.0,2016-08-02,1:42:24:0
JPY=,102.32,102.37,102.32,8218.0,2016-08-02,1:42:26:0
JPY=,102.32,102.37,102.32,8219.0,2016-08-02,1:42:26:0
JPY=,102.33,102.38,102.33,8220.0,2016-08-02,1:42:27:0
JPY=,102.34,102.37,102.34,8221.0,2016-08-02,1:42:31:0
JPY=,102.33,102.38,102.33,8222.0,2016-08-02,1:42:31:0
JPY=,102.35,102.38,102.35,8223.0,2016-08-02,1:42:32:0
JPY=,102.35,102.38,102.35,8224.0,2016-08-02,1:42:33:0
JPY=,102.35,102.38,102.35,8225.0,2016-08-02,1:42:33:0
JPY=,102.35,102.38,102.35,8226.0,2016-08-02,1:42:34:0
JPY=,102.34,102.39,102.34,8227.0,2016-08-02,1:42:37:0
JPY=,102.35,102.38,102.35,8228.0,2016-08-02,1:42:37:0
JPY=,102.35,102.39,102.35,8229.0,2016-08-02,1:42:39:0
JPY=,102.34,102.39,102.34,8230.0,2016-08-02,1:42:40:0
JPY=,102.35,102.38,102.35,8231.0,2016-08-02,1:42:41:0
JPY=,102.35,102.38,102.35,8232.0,2016-08-02,1:42:43:0
JPY=,102.34,102.39,102.34,8233.0,2016-08-02,1:42:47:0
JPY=,102.35,102.38,102.35,8234.0,2016-08-02,1:42:49:0
JPY=,102.35,102.38,102.35,8235.0,2016-08-02,1:42:52:0
JPY=,102.35,102.38,102.35,8236.0,2016-08-02,1:42:53:0
JPY=,102.35,102.38,102.35,8237.0,2016-08-02,1:42:54:0
JPY=,102.35,102.38,102.35,8238.0,2016-08-02,1:42:56:0
JPY=,102.34,102.39,102.34,8239.0,2016-08-02,1:42:56:0
JPY=,102.35,102.38,102.35,8240.0,2016-08-02,1:42:57:0
JPY=,102.34,102.39,102.34,8241.0,2016-08-02,1:42:57:0
JPY=,102.36,102.39,102.36,8242.0,2016-08-02,1:42:58:0
JPY=,102.36,102.39,102.36,8243.0,2016-08-02,1:42:59:0
JPY=,102.35,102.4,102.35,8245.0,2016-08-02,1:43:0:0
JPY=,102.35,102.4,102.35,8245.0,2016-08-02,1:43:0:0
JPY=,102.36,102.4,102.36,8246.0,2016-08-02,1:43:0:0
JPY=,102.35,102.4,102.35,8247.0,2016-08-02,1:43:0:0
JPY=,102.36,102.39,102.36,8248.0,2016-08-02,1:43:0:0
JPY=,102.36,102.39,102.36,8249.0,2016-08-02,1:43:1:0
JPY=,102.37,102.38,102.37,8250.0,2016-08-02,1:43:1:0
JPY=,102.35,102.4,102.35,8251.0,2016-08-02,1:43:7:0
JPY=,102.35,102.4,102.35,8252.0,2016-08-02,1:43:14:0
JPY=,102.36,102.39,102.36,8253.0,2016-08-02,1:43:14:0
JPY=,102.34,102.39,102.34,8254.0,2016-08-02,1:43:15:0
JPY=,102.35,102.4,102.35,8255.0,2016-08-02,1:43:17:0
JPY=,102.35,102.4,102.35,8256.0,2016-08-02,1:43:17:0
JPY=,102.34,102.39,102.34,8257.0,2016-08-02,1:43:18:0
JPY=,102.35,102.4,102.35,8258.0,2016-08-02,1:43:19:0
JPY=,102.35,102.4,102.35,8259.0,2016-08-02,1:43:20:0
JPY=,102.35,102.4,102.35,8260.0,2016-08-02,1:43:25:0
JPY=,102.34,102.39,102.34,8261.0,2016-08-02,1:43:26:0
JPY=,102.35,102.38,102.35,8262.0,2016-08-02,1:43:29:0
JPY=,102.34,102.39,102.34,8263.0,2016-08-02,1:43:29:0
JPY=,102.34,102.39,102.34,8264.0,2016-08-02,1:43:29:0
JPY=,102.35,102.38,102.35,8265.0,2016-08-02,1:43:30:0
JPY=,102.35,102.39,102.35,8266.0,2016-08-02,1:43:32:0
JPY=,102.35,102.38,102.35,8267.0,2016-08-02,1:43:32:0
JPY=,102.36,102.39,102.36,8268.0,2016-08-02,1:43:35:0
JPY=,102.35,102.38,102.35,8269.0,2016-08-02,1:43:35:0
JPY=,102.36,102.39,102.36,8270.0,2016-08-02,1:43:36:0
JPY=,102.33,102.38,102.33,8271.0,2016-08-02,1:43:36:0
JPY=,102.36,102.39,102.36,8272.0,2016-08-02,1:43:37:0
JPY=,102.35,102.4,102.35,8273.0,2016-08-02,1:43:37:0
JPY=,102.35,102.4,102.35,8274.0,2016-08-02,1:43:38:0
JPY=,102.35,102.4,102.35,8275.0,2016-08-02,1:43:39:0
JPY=,102.36,102.39,102.36,8276.0,2016-08-02,1:43:40:0
JPY=,102.34,102.39,102.34,8277.0,2016-08-02,1:43:41:0
JPY=,102.35,102.38,102.35,8278.0,2016-08-02,1:43:41:0
JPY=,102.34,102.39,102.34,8279.0,2016-08-02,1:43:41:0
JPY=,102.34,102.39,102.34,8280.0,2016-08-02,1:43:45:0
JPY=,102.34,102.39,102.34,8281.0,2016-08-02,1:43:48:0
JPY=,102.36,102.39,102.36,8282.0,2016-08-02,1:43:51:0
JPY=,102.36,102.39,102.36,8283.0,2016-08-02,1:43:53:0
JPY=,102.34,102.39,102.34,8284.0,2016-08-02,1:43:56:0
JPY=,102.36,102.39,102.36,8285.0,2016-08-02,1:43:56:0
JPY=,102.36,102.39,102.36,8286.0,2016-08-02,1:43:58:0
JPY=,102.35,102.38,102.35,8287.0,2016-08-02,1:43:59:0
JPY=,102.35,102.38,102.35,8288.0,2016-08-02,1:44:1:0
JPY=,102.36,102.38,102.36,8289.0,2016-08-02,1:44:5:0
JPY=,102.36,102.39,102.36,8290.0,2016-08-02,1:44:7:0
JPY=,102.35,102.38,102.35,8291.0,2016-08-02,1:44:11:0
JPY=,102.35,102.38,102.35,8292.0,2016-08-02,1:44:14:0
JPY=,102.35,102.4,102.35,8293.0,2016-08-02,1:44:17:0
JPY=,102.35,102.4,102.35,8294.0,2016-08-02,1:44:17:0
JPY=,102.35,102.4,102.35,8295.0,2016-08-02,1:44:17:0
JPY=,102.37,102.4,102.37,8296.0,2016-08-02,1:44:17:0
JPY=,102.36,102.39,102.36,8297.0,2016-08-02,1:44:18:0
JPY=,102.37,102.4,102.37,8298.0,2016-08-02,1:44:21:0
JPY=,102.37,102.4,102.37,8299.0,2016-08-02,1:44:21:0
JPY=,102.37,102.4,102.37,8300.0,2016-08-02,1:44:22:0
JPY=,102.36,102.41,102.36,8301.0,2016-08-02,1:44:22:0
JPY=,102.37,102.4,102.37,8302.0,2016-08-02,1:44:23:0
JPY=,102.35,102.4,102.35,8303.0,2016-08-02,1:44:26:0
JPY=,102.37,102.41,102.37,8304.0,2016-08-02,1:44:26:0
JPY=,102.36,102.41,102.36,8305.0,2016-08-02,1:44:26:0
JPY=,102.37,102.4,102.37,8306.0,2016-08-02,1:44:26:0
JPY=,102.35,102.4,102.35,8307.0,2016-08-02,1:44:27:0
JPY=,102.37,102.4,102.37,8308.0,2016-08-02,1:44:31:0
JPY=,102.35,102.4,102.35,8309.0,2016-08-02,1:44:31:0
JPY=,102.36,102.41,102.36,8310.0,2016-08-02,1:44:36:0
JPY=,102.36,102.41,102.36,8311.0,2016-08-02,1:44:36:0
JPY=,102.36,102.41,102.36,8312.0,2016-08-02,1:44:37:0
JPY=,102.37,102.4,102.37,8313.0,2016-08-02,1:44:39:0
JPY=,102.37,102.4,102.37,8314.0,2016-08-02,1:44:40:0
JPY=,102.37,102.4,102.37,8315.0,2016-08-02,1:44:44:0
JPY=,102.37,102.4,102.37,8316.0,2016-08-02,1:44:51:0
JPY=,102.35,102.4,102.35,8317.0,2016-08-02,1:44:52:0
JPY=,102.37,102.4,102.37,8318.0,2016-08-02,1:44:52:0
JPY=,102.35,102.4,102.35,8319.0,2016-08-02,1:44:53:0
JPY=,102.36,102.39,102.36,8320.0,2016-08-02,1:44:53:0
JPY=,102.35,102.4,102.35,8321.0,2016-08-02,1:44:56:0
JPY=,102.36,102.39,102.36,8322.0,2016-08-02,1:44:58:0
JPY=,102.36,102.41,102.36,8323.0,2016-08-02,1:44:59:0
JPY=,102.37,102.4,102.37,8324.0,2016-08-02,1:44:59:0
JPY=,102.36,102.39,102.36,8325.0,2016-08-02,1:44:59:0
JPY=,102.36,102.41,102.36,8326.0,2016-08-02,1:45:2:0
JPY=,102.37,102.4,102.37,8327.0,2016-08-02,1:45:4:0
JPY=,102.37,102.4,102.37,8328.0,2016-08-02,1:45:5:0
JPY=,102.37,102.4,102.37,8329.0,2016-08-02,1:45:8:0
JPY=,102.37,102.4,102.37,8330.0,2016-08-02,1:45:8:0
JPY=,102.36,102.41,102.36,8331.0,2016-08-02,1:45:12:0
JPY=,102.37,102.4,102.37,8332.0,2016-08-02,1:45:14:0
JPY=,102.36,102.41,102.36,8333.0,2016-08-02,1:45:15:0
JPY=,102.36,102.41,102.36,8334.0,2016-08-02,1:45:16:0
JPY=,102.37,102.4,102.37,8335.0,2016-08-02,1:45:21:0
JPY=,102.35,102.4,102.35,8336.0,2016-08-02,1:45:25:0
JPY=,102.37,102.4,102.37,8337.0,2016-08-02,1:45:25:0
JPY=,102.36,102.41,102.36,8338.0,2016-08-02,1:45:27:0
JPY=,102.37,102.4,102.37,8339.0,2016-08-02,1:45:27:0
JPY=,102.37,102.4,102.37,8340.0,2016-08-02,1:45:30:0
JPY=,102.37,102.4,102.37,8341.0,2016-08-02,1:45:31:0
JPY=,102.35,102.4,102.35,8342.0,2016-08-02,1:45:32:0
JPY=,102.36,102.41,102.36,8343.0,2016-08-02,1:45:33:0
JPY=,102.35,102.4,102.35,8344.0,2016-08-02,1:45:43:0
JPY=,102.35,102.4,102.35,8345.0,2016-08-02,1:45:43:0
JPY=,102.35,102.4,102.35,8346.0,2016-08-02,1:45:43:0
JPY=,102.36,102.39,102.36,8347.0,2016-08-02,1:45:43:0
JPY=,102.36,102.4,102.36,8348.0,2016-08-02,1:45:44:0
JPY=,102.36,102.39,102.36,8349.0,2016-08-02,1:45:44:0
JPY=,102.35,102.4,102.35,8350.0,2016-08-02,1:45:45:0
JPY=,102.36,102.39,102.36,8351.0,2016-08-02,1:45:47:0
JPY=,102.35,102.4,102.35,8352.0,2016-08-02,1:45:47:0
JPY=,102.34,102.39,102.34,8353.0,2016-08-02,1:45:49:0
JPY=,102.35,102.38,102.35,8354.0,2016-08-02,1:45:49:0
JPY=,102.35,102.38,102.35,8355.0,2016-08-02,1:45:51:0
JPY=,102.34,102.39,102.34,8356.0,2016-08-02,1:45:53:0
JPY=,102.35,102.39,102.35,8357.0,2016-08-02,1:45:54:0
JPY=,102.36,102.39,102.36,8358.0,2016-08-02,1:45:54:0
JPY=,102.36,102.39,102.36,8359.0,2016-08-02,1:45:55:0
JPY=,102.35,102.4,102.35,8360.0,2016-08-02,1:45:56:0
JPY=,102.36,102.39,102.36,8361.0,2016-08-02,1:45:57:0
JPY=,102.37,102.38,102.37,8362.0,2016-08-02,1:46:1:0
JPY=,102.35,102.4,102.35,8363.0,2016-08-02,1:46:2:0
JPY=,102.35,102.4,102.35,8364.0,2016-08-02,1:46:3:0
JPY=,102.36,102.39,102.36,8365.0,2016-08-02,1:46:3:0
JPY=,102.35,102.4,102.35,8366.0,2016-08-02,1:46:3:0
JPY=,102.37,102.4,102.37,8367.0,2016-08-02,1:46:6:0
JPY=,102.37,102.41,102.37,8368.0,2016-08-02,1:46:6:0
JPY=,102.36,102.41,102.36,8369.0,2016-08-02,1:46:6:0
JPY=,102.37,102.4,102.37,8370.0,2016-08-02,1:46:7:0
JPY=,102.37,102.39,102.37,8371.0,2016-08-02,1:46:8:0
JPY=,102.35,102.4,102.35,8372.0,2016-08-02,1:46:11:0
JPY=,102.36,102.41,102.36,8373.0,2016-08-02,1:46:12:0
JPY=,102.35,102.4,102.35,8374.0,2016-08-02,1:46:15:0
JPY=,102.35,102.4,102.35,8375.0,2016-08-02,1:46:17:0
JPY=,102.37,102.4,102.37,8376.0,2016-08-02,1:46:21:0
JPY=,102.36,102.41,102.36,8377.0,2016-08-02,1:46:22:0
JPY=,102.36,102.41,102.36,8378.0,2016-08-02,1:46:22:0
JPY=,102.37,102.4,102.37,8379.0,2016-08-02,1:46:23:0
JPY=,102.37,102.4,102.37,8380.0,2016-08-02,1:46:24:0
JPY=,102.37,102.4,102.37,8381.0,2016-08-02,1:46:28:0
JPY=,102.38,102.43,102.38,8382.0,2016-08-02,1:46:30:0
JPY=,102.36,102.41,102.36,8383.0,2016-08-02,1:46:32:0
JPY=,102.37,102.4,102.37,8384.0,2016-08-02,1:46:34:0
JPY=,102.36,102.39,102.36,8385.0,2016-08-02,1:46:35:0
JPY=,102.35,102.4,102.35,8386.0,2016-08-02,1:46:35:0
JPY=,102.35,102.4,102.35,8387.0,2016-08-02,1:46:37:0
JPY=,102.36,102.4,102.36,8388.0,2016-08-02,1:46:38:0
JPY=,102.35,102.4,102.35,8389.0,2016-08-02,1:46:42:0
JPY=,102.35,102.4,102.35,8390.0,2016-08-02,1:46:42:0
JPY=,102.35,102.4,102.35,8391.0,2016-08-02,1:46:45:0
JPY=,102.36,102.39,102.36,8392.0,2016-08-02,1:46:47:0
JPY=,102.34,102.39,102.34,8393.0,2016-08-02,1:46:48:0
JPY=,102.35,102.4,102.35,8394.0,2016-08-02,1:46:52:0
JPY=,102.34,102.39,102.34,8395.0,2016-08-02,1:46:52:0
JPY=,102.36,102.39,102.36,8396.0,2016-08-02,1:46:52:0
JPY=,102.36,102.39,102.36,8397.0,2016-08-02,1:46:56:0
JPY=,102.36,102.39,102.36,8398.0,2016-08-02,1:46:57:0
JPY=,102.36,102.39,102.36,8399.0,2016-08-02,1:47:0:0
JPY=,102.36,102.39,102.36,8400.0,2016-08-02,1:47:1:0
JPY=,102.37,102.38,102.37,8401.0,2016-08-02,1:47:1:0
JPY=,102.36,102.41,102.36,8402.0,2016-08-02,1:47:2:0
JPY=,102.35,102.4,102.35,8403.0,2016-08-02,1:47:2:0
JPY=,102.36,102.41,102.36,8404.0,2016-08-02,1:47:5:0
JPY=,102.36,102.41,102.36,8405.0,2016-08-02,1:47:5:0
JPY=,102.37,102.4,102.37,8406.0,2016-08-02,1:47:5:0
JPY=,102.38,102.41,102.38,8407.0,2016-08-02,1:47:7:0
JPY=,102.37,102.41,102.37,8408.0,2016-08-02,1:47:12:0
JPY=,102.37,102.4,102.37,8409.0,2016-08-02,1:47:12:0
JPY=,102.37,102.42,102.37,8410.0,2016-08-02,1:47:13:0
JPY=,102.37,102.4,102.37,8411.0,2016-08-02,1:47:13:0
JPY=,102.37,102.42,102.37,8412.0,2016-08-02,1:47:14:0
JPY=,102.35,102.4,102.35,8413.0,2016-08-02,1:47:18:0
JPY=,102.37,102.4,102.37,8414.0,2016-08-02,1:47:18:0
JPY=,102.36,102.41,102.36,8415.0,2016-08-02,1:47:22:0
JPY=,102.37,102.4,102.37,8416.0,2016-08-02,1:47:25:0
JPY=,102.37,102.4,102.37,8417.0,2016-08-02,1:47:26:0
JPY=,102.37,102.4,102.37,8418.0,2016-08-02,1:47:28:0
JPY=,102.35,102.4,102.35,8419.0,2016-08-02,1:47:28:0
JPY=,102.36,102.41,102.36,8420.0,2016-08-02,1:47:28:0
JPY=,102.37,102.4,102.37,8421.0,2016-08-02,1:47:29:0
JPY=,102.37,102.4,102.37,8422.0,2016-08-02,1:47:30:0
JPY=,102.36,102.41,102.36,8423.0,2016-08-02,1:47:30:0
JPY=,102.36,102.41,102.36,8424.0,2016-08-02,1:47:32:0
JPY=,102.36,102.41,102.36,8425.0,2016-08-02,1:47:33:0
JPY=,102.36,102.41,102.36,8426.0,2016-08-02,1:47:48:0
JPY=,102.36,102.41,102.36,8427.0,2016-08-02,1:47:58:0
JPY=,102.37,102.4,102.37,8428.0,2016-08-02,1:47:58:0
JPY=,102.37,102.4,102.37,8429.0,2016-08-02,1:48:1:0
JPY=,102.38,102.4,102.38,8430.0,2016-08-02,1:48:2:0
JPY=,102.36,102.41,102.36,8431.0,2016-08-02,1:48:7:0
JPY=,102.36,102.41,102.36,8432.0,2016-08-02,1:48:9:0
JPY=,102.38,102.41,102.38,8433.0,2016-08-02,1:48:12:0
JPY=,102.36,102.41,102.36,8434.0,2016-08-02,1:48:12:0
JPY=,102.37,102.42,102.37,8435.0,2016-08-02,1:48:13:0
JPY=,102.38,102.41,102.38,8436.0,2016-08-02,1:48:13:0
JPY=,102.36,102.39,102.36,8437.0,2016-08-02,1:48:14:0
JPY=,102.37,102.4,102.37,8438.0,2016-08-02,1:48:14:0
JPY=,102.37,102.4,102.37,8439.0,2016-08-02,1:48:19:0
JPY=,102.37,102.4,102.37,8440.0,2016-08-02,1:48:22:0
JPY=,102.36,102.41,102.36,8441.0,2016-08-02,1:48:23:0
JPY=,102.38,102.41,102.38,8442.0,2016-08-02,1:48:23:0
JPY=,102.37,102.42,102.37,8443.0,2016-08-02,1:48:25:0
JPY=,102.38,102.41,102.38,8444.0,2016-08-02,1:48:25:0
JPY=,102.37,102.42,102.37,8445.0,2016-08-02,1:48:28:0
JPY=,102.38,102.42,102.38,8446.0,2016-08-02,1:48:28:0
JPY=,102.38,102.41,102.38,8447.0,2016-08-02,1:48:29:0
JPY=,102.36,102.41,102.36,8448.0,2016-08-02,1:48:29:0
JPY=,102.38,102.41,102.38,8449.0,2016-08-02,1:48:29:0
JPY=,102.39,102.44,102.39,8450.0,2016-08-02,1:48:30:0
JPY=,102.38,102.41,102.38,8451.0,2016-08-02,1:48:31:0
JPY=,102.4,102.43,102.4,8452.0,2016-08-02,1:48:31:0
JPY=,102.37,102.42,102.37,8453.0,2016-08-02,1:48:33:0
JPY=,102.38,102.41,102.38,8454.0,2016-08-02,1:48:33:0
JPY=,102.38,102.41,102.38,8455.0,2016-08-02,1:48:37:0
JPY=,102.38,102.41,102.38,8456.0,2016-08-02,1:48:39:0
JPY=,102.37,102.42,102.37,8457.0,2016-08-02,1:48:40:0
JPY=,102.38,102.41,102.38,8458.0,2016-08-02,1:48:40:0
JPY=,102.38,102.41,102.38,8459.0,2016-08-02,1:48:41:0
JPY=,102.37,102.42,102.37,8460.0,2016-08-02,1:48:41:0
JPY=,102.37,102.42,102.37,8461.0,2016-08-02,1:48:42:0
JPY=,102.39,102.42,102.39,8462.0,2016-08-02,1:48:42:0
JPY=,102.38,102.43,102.38,8463.0,2016-08-02,1:48:43:0
JPY=,102.39,102.42,102.39,8464.0,2016-08-02,1:48:43:0
JPY=,102.38,102.43,102.38,8465.0,2016-08-02,1:48:43:0
JPY=,102.39,102.42,102.39,8466.0,2016-08-02,1:48:44:0
JPY=,102.39,102.42,102.39,8467.0,2016-08-02,1:48:45:0
JPY=,102.39,102.42,102.39,8468.0,2016-08-02,1:48:46:0
JPY=,102.38,102.41,102.38,8469.0,2016-08-02,1:48:47:0
JPY=,102.37,102.42,102.37,8470.0,2016-08-02,1:48:47:0
JPY=,102.37,102.42,102.37,8471.0,2016-08-02,1:48:48:0
JPY=,102.37,102.42,102.37,8472.0,2016-08-02,1:48:48:0
JPY=,102.37,102.42,102.37,8473.0,2016-08-02,1:48:53:0
JPY=,102.38,102.41,102.38,8474.0,2016-08-02,1:48:58:0
JPY=,102.38,102.41,102.38,8475.0,2016-08-02,1:49:1:0
JPY=,102.37,102.42,102.37,8476.0,2016-08-02,1:49:3:0
JPY=,102.37,102.42,102.37,8477.0,2016-08-02,1:49:6:0
JPY=,102.37,102.42,102.37,8478.0,2016-08-02,1:49:8:0
JPY=,102.38,102.43,102.38,8479.0,2016-08-02,1:49:9:0
JPY=,102.36,102.41,102.36,8480.0,2016-08-02,1:49:12:0
JPY=,102.37,102.4,102.37,8481.0,2016-08-02,1:49:13:0
JPY=,102.37,102.4,102.37,8482.0,2016-08-02,1:49:19:0
JPY=,102.38,102.41,102.38,8483.0,2016-08-02,1:49:20:0
JPY=,102.38,102.41,102.38,8484.0,2016-08-02,1:49:23:0
JPY=,102.37,102.42,102.37,8485.0,2016-08-02,1:49:23:0
JPY=,102.39,102.42,102.39,8486.0,2016-08-02,1:49:24:0
JPY=,102.39,102.42,102.39,8487.0,2016-08-02,1:49:27:0
JPY=,102.37,102.42,102.37,8488.0,2016-08-02,1:49:28:0
JPY=,102.38,102.41,102.38,8489.0,2016-08-02,1:49:29:0
JPY=,102.38,102.41,102.38,8490.0,2016-08-02,1:49:31:0
JPY=,102.39,102.42,102.39,8491.0,2016-08-02,1:49:34:0
JPY=,102.39,102.42,102.39,8492.0,2016-08-02,1:49:35:0
JPY=,102.39,102.42,102.39,8493.0,2016-08-02,1:49:35:0
JPY=,102.38,102.43,102.38,8494.0,2016-08-02,1:49:41:0
JPY=,102.39,102.42,102.39,8495.0,2016-08-02,1:49:42:0
JPY=,102.37,102.42,102.37,8496.0,2016-08-02,1:49:42:0
JPY=,102.38,102.43,102.38,8497.0,2016-08-02,1:49:42:0
JPY=,102.39,102.43,102.39,8498.0,2016-08-02,1:49:44:0
JPY=,102.39,102.42,102.39,8499.0,2016-08-02,1:49:44:0
JPY=,102.39,102.42,102.39,8500.0,2016-08-02,1:49:46:0
JPY=,102.39,102.42,102.39,8501.0,2016-08-02,1:49:47:0
JPY=,102.39,102.42,102.39,8502.0,2016-08-02,1:49:48:0
JPY=,102.38,102.43,102.38,8503.0,2016-08-02,1:49:48:0
JPY=,102.39,102.42,102.39,8504.0,2016-08-02,1:49:54:0
JPY=,102.39,102.42,102.39,8505.0,2016-08-02,1:49:58:0
JPY=,102.39,102.44,102.39,8506.0,2016-08-02,1:49:58:0
JPY=,102.39,102.44,102.39,8507.0,2016-08-02,1:49:58:0
JPY=,102.39,102.42,102.39,8508.0,2016-08-02,1:49:58:0
JPY=,102.4,102.43,102.4,8509.0,2016-08-02,1:49:59:0
JPY=,102.4,102.43,102.4,8510.0,2016-08-02,1:49:59:0
JPY=,102.42,102.43,102.42,8511.0,2016-08-02,1:50:0:0
JPY=,102.41,102.44,102.41,8512.0,2016-08-02,1:50:2:0
JPY=,102.42,102.43,102.42,8513.0,2016-08-02,1:50:2:0
JPY=,102.41,102.44,102.41,8514.0,2016-08-02,1:50:3:0
JPY=,102.42,102.45,102.42,8515.0,2016-08-02,1:50:4:0
JPY=,102.41,102.46,102.41,8516.0,2016-08-02,1:50:4:0
JPY=,102.42,102.45,102.42,8517.0,2016-08-02,1:50:5:0
JPY=,102.41,102.45,102.41,8518.0,2016-08-02,1:50:6:0
JPY=,102.41,102.46,102.41,8519.0,2016-08-02,1:50:7:0
JPY=,102.42,102.45,102.42,8520.0,2016-08-02,1:50:8:0
JPY=,102.41,102.46,102.41,8521.0,2016-08-02,1:50:8:0
JPY=,102.43,102.46,102.43,8522.0,2016-08-02,1:50:9:0
JPY=,102.42,102.47,102.42,8523.0,2016-08-02,1:50:9:0
JPY=,102.43,102.46,102.43,8524.0,2016-08-02,1:50:9:0
JPY=,102.43,102.46,102.43,8525.0,2016-08-02,1:50:11:0
JPY=,102.43,102.46,102.43,8526.0,2016-08-02,1:50:11:0
JPY=,102.41,102.46,102.41,8527.0,2016-08-02,1:50:12:0
JPY=,102.41,102.46,102.41,8528.0,2016-08-02,1:50:12:0
JPY=,102.43,102.46,102.43,8529.0,2016-08-02,1:50:12:0
JPY=,102.42,102.45,102.42,8530.0,2016-08-02,1:50:14:0
JPY=,102.43,102.46,102.43,8531.0,2016-08-02,1:50:15:0
JPY=,102.43,102.46,102.43,8532.0,2016-08-02,1:50:16:0
JPY=,102.42,102.47,102.42,8533.0,2016-08-02,1:50:17:0
JPY=,102.43,102.46,102.43,8534.0,2016-08-02,1:50:18:0
JPY=,102.43,102.47,102.43,8535.0,2016-08-02,1:50:18:0
JPY=,102.43,102.46,102.43,8536.0,2016-08-02,1:50:19:0
JPY=,102.43,102.46,102.43,8537.0,2016-08-02,1:50:20:0
JPY=,102.44,102.47,102.44,8538.0,2016-08-02,1:50:20:0
JPY=,102.43,102.46,102.43,8539.0,2016-08-02,1:50:22:0
JPY=,102.43,102.46,102.43,8540.0,2016-08-02,1:50:22:0
JPY=,102.43,102.46,102.43,8541.0,2016-08-02,1:50:23:0
JPY=,102.42,102.47,102.42,8542.0,2016-08-02,1:50:25:0
JPY=,102.42,102.47,102.42,8543.0,2016-08-02,1:50:27:0
JPY=,102.43,102.46,102.43,8544.0,2016-08-02,1:50:27:0
JPY=,102.42,102.47,102.42,8545.0,2016-08-02,1:50:28:0
JPY=,102.44,102.49,102.44,8546.0,2016-08-02,1:50:30:0
JPY=,102.44,102.49,102.44,8547.0,2016-08-02,1:50:31:0
JPY=,102.41,102.46,102.41,8548.0,2016-08-02,1:50:32:0
JPY=,102.43,102.46,102.43,8549.0,2016-08-02,1:50:32:0
JPY=,102.42,102.47,102.42,8550.0,2016-08-02,1:50:35:0
JPY=,102.43,102.46,102.43,8551.0,2016-08-02,1:50:35:0
JPY=,102.43,102.48,102.43,8552.0,2016-08-02,1:50:36:0
JPY=,102.44,102.49,102.44,8553.0,2016-08-02,1:50:37:0
JPY=,102.45,102.49,102.45,8554.0,2016-08-02,1:50:38:0
JPY=,102.44,102.49,102.44,8555.0,2016-08-02,1:50:38:0
JPY=,102.45,102.48,102.45,8556.0,2016-08-02,1:50:40:0
JPY=,102.44,102.49,102.44,8557.0,2016-08-02,1:50:41:0
JPY=,102.43,102.48,102.43,8558.0,2016-08-02,1:50:42:0
JPY=,102.45,102.48,102.45,8559.0,2016-08-02,1:50:44:0
JPY=,102.44,102.49,102.44,8560.0,2016-08-02,1:50:47:0
JPY=,102.44,102.49,102.44,8561.0,2016-08-02,1:50:48:0
JPY=,102.45,102.48,102.45,8562.0,2016-08-02,1:50:49:0
JPY=,102.45,102.5,102.45,8563.0,2016-08-02,1:50:49:0
JPY=,102.46,102.5,102.46,8564.0,2016-08-02,1:50:50:0
JPY=,102.44,102.49,102.44,8565.0,2016-08-02,1:50:50:0
JPY=,102.46,102.49,102.46,8566.0,2016-08-02,1:50:51:0
JPY=,102.46,102.49,102.46,8567.0,2016-08-02,1:50:53:0
JPY=,102.45,102.5,102.45,8568.0,2016-08-02,1:50:55:0
JPY=,102.47,102.5,102.47,8569.0,2016-08-02,1:50:55:0
JPY=,102.47,102.5,102.47,8570.0,2016-08-02,1:50:57:0
JPY=,102.46,102.51,102.46,8571.0,2016-08-02,1:50:57:0
JPY=,102.47,102.5,102.47,8572.0,2016-08-02,1:50:59:0
JPY=,102.46,102.51,102.46,8573.0,2016-08-02,1:51:0:0
JPY=,102.48,102.49,102.48,8574.0,2016-08-02,1:51:1:0
JPY=,102.47,102.51,102.47,8575.0,2016-08-02,1:51:2:0
JPY=,102.47,102.52,102.47,8576.0,2016-08-02,1:51:3:0
JPY=,102.49,102.52,102.49,8577.0,2016-08-02,1:51:4:0
JPY=,102.48,102.53,102.48,8578.0,2016-08-02,1:51:4:0
JPY=,102.48,102.53,102.48,8579.0,2016-08-02,1:51:7:0
JPY=,102.49,102.52,102.49,8580.0,2016-08-02,1:51:8:0
JPY=,102.47,102.52,102.47,8581.0,2016-08-02,1:51:8:0
JPY=,102.48,102.53,102.48,8582.0,2016-08-02,1:51:8:0
JPY=,102.48,102.53,102.48,8583.0,2016-08-02,1:51:10:0
JPY=,102.48,102.51,102.48,8584.0,2016-08-02,1:51:11:0
JPY=,102.46,102.51,102.46,8585.0,2016-08-02,1:51:12:0
JPY=,102.48,102.52,102.48,8586.0,2016-08-02,1:51:12:0
JPY=,102.45,102.5,102.45,8587.0,2016-08-02,1:51:15:0
JPY=,102.47,102.5,102.47,8588.0,2016-08-02,1:51:15:0
JPY=,102.46,102.51,102.46,8589.0,2016-08-02,1:51:17:0
JPY=,102.46,102.51,102.46,8590.0,2016-08-02,1:51:17:0
JPY=,102.48,102.51,102.48,8591.0,2016-08-02,1:51:20:0
JPY=,102.47,102.52,102.47,8592.0,2016-08-02,1:51:21:0
JPY=,102.46,102.51,102.46,8593.0,2016-08-02,1:51:22:0
JPY=,102.46,102.51,102.46,8594.0,2016-08-02,1:51:23:0
JPY=,102.47,102.51,102.47,8595.0,2016-08-02,1:51:24:0
JPY=,102.47,102.52,102.47,8596.0,2016-08-02,1:51:24:0
JPY=,102.47,102.5,102.47,8597.0,2016-08-02,1:51:25:0
JPY=,102.46,102.51,102.46,8598.0,2016-08-02,1:51:27:0
JPY=,102.48,102.51,102.48,8599.0,2016-08-02,1:51:27:0
JPY=,102.46,102.51,102.46,8600.0,2016-08-02,1:51:28:0
JPY=,102.47,102.52,102.47,8601.0,2016-08-02,1:51:29:0
JPY=,102.48,102.51,102.48,8602.0,2016-08-02,1:51:32:0
JPY=,102.48,102.51,102.48,8603.0,2016-08-02,1:51:33:0
JPY=,102.46,102.51,102.46,8604.0,2016-08-02,1:51:34:0
JPY=,102.48,102.52,102.48,8605.0,2016-08-02,1:51:34:0
JPY=,102.48,102.51,102.48,8606.0,2016-08-02,1:51:35:0
JPY=,102.47,102.52,102.47,8607.0,2016-08-02,1:51:37:0
JPY=,102.48,102.51,102.48,8608.0,2016-08-02,1:51:39:0
JPY=,102.45,102.5,102.45,8609.0,2016-08-02,1:51:40:0
JPY=,102.45,102.5,102.45,8610.0,2016-08-02,1:51:42:0
JPY=,102.45,102.5,102.45,8611.0,2016-08-02,1:51:42:0
JPY=,102.47,102.5,102.47,8612.0,2016-08-02,1:51:42:0
JPY=,102.46,102.51,102.46,8613.0,2016-08-02,1:51:43:0
JPY=,102.47,102.51,102.47,8614.0,2016-08-02,1:51:44:0
JPY=,102.47,102.52,102.47,8615.0,2016-08-02,1:51:46:0
JPY=,102.47,102.52,102.47,8616.0,2016-08-02,1:51:48:0
JPY=,102.47,102.52,102.47,8617.0,2016-08-02,1:51:48:0
JPY=,102.48,102.51,102.48,8618.0,2016-08-02,1:51:48:0
JPY=,102.46,102.51,102.46,8619.0,2016-08-02,1:51:49:0
JPY=,102.47,102.52,102.47,8620.0,2016-08-02,1:51:51:0
JPY=,102.48,102.51,102.48,8621.0,2016-08-02,1:51:51:0
JPY=,102.48,102.51,102.48,8622.0,2016-08-02,1:51:54:0
JPY=,102.49,102.52,102.49,8623.0,2016-08-02,1:51:55:0
JPY=,102.49,102.53,102.49,8624.0,2016-08-02,1:51:55:0
JPY=,102.48,102.53,102.48,8625.0,2016-08-02,1:51:58:0
JPY=,102.49,102.52,102.49,8626.0,2016-08-02,1:52:0:0
JPY=,102.5,102.51,102.5,8627.0,2016-08-02,1:52:1:0
JPY=,102.5,102.51,102.5,8628.0,2016-08-02,1:52:2:0
JPY=,102.49,102.52,102.49,8629.0,2016-08-02,1:52:3:0
JPY=,102.49,102.52,102.49,8630.0,2016-08-02,1:52:4:0
JPY=,102.49,102.54,102.49,8631.0,2016-08-02,1:52:5:0
JPY=,102.48,102.52,102.48,8632.0,2016-08-02,1:52:5:0
JPY=,102.48,102.51,102.48,8633.0,2016-08-02,1:52:7:0
JPY=,102.47,102.52,102.47,8634.0,2016-08-02,1:52:8:0
JPY=,102.47,102.52,102.47,8635.0,2016-08-02,1:52:11:0
JPY=,102.47,102.52,102.47,8636.0,2016-08-02,1:52:11:0
JPY=,102.47,102.52,102.47,8637.0,2016-08-02,1:52:12:0
JPY=,102.49,102.52,102.49,8638.0,2016-08-02,1:52:12:0
JPY=,102.49,102.52,102.49,8639.0,2016-08-02,1:52:15:0
JPY=,102.49,102.52,102.49,8640.0,2016-08-02,1:52:16:0
JPY=,102.48,102.53,102.48,8641.0,2016-08-02,1:52:18:0
JPY=,102.49,102.53,102.49,8642.0,2016-08-02,1:52:18:0
JPY=,102.48,102.53,102.48,8643.0,2016-08-02,1:52:18:0
JPY=,102.49,102.52,102.49,8644.0,2016-08-02,1:52:20:0
JPY=,102.49,102.54,102.49,8645.0,2016-08-02,1:52:23:0
JPY=,102.5,102.53,102.5,8646.0,2016-08-02,1:52:23:0
JPY=,102.5,102.53,102.5,8647.0,2016-08-02,1:52:25:0
JPY=,102.5,102.53,102.5,8648.0,2016-08-02,1:52:27:0
JPY=,102.49,102.54,102.49,8649.0,2016-08-02,1:52:28:0
JPY=,102.48,102.53,102.48,8650.0,2016-08-02,1:52:29:0
JPY=,102.49,102.54,102.49,8651.0,2016-08-02,1:52:29:0
JPY=,102.5,102.54,102.5,8652.0,2016-08-02,1:52:30:0
JPY=,102.49,102.54,102.49,8653.0,2016-08-02,1:52:30:0
JPY=,102.5,102.53,102.5,8654.0,2016-08-02,1:52:32:0
JPY=,102.5,102.53,102.5,8655.0,2016-08-02,1:52:35:0
JPY=,102.49,102.54,102.49,8656.0,2016-08-02,1:52:38:0
JPY=,102.49,102.54,102.49,8657.0,2016-08-02,1:52:39:0
JPY=,102.49,102.54,102.49,8658.0,2016-08-02,1:52:39:0
JPY=,102.5,102.53,102.5,8659.0,2016-08-02,1:52:39:0
JPY=,102.48,102.53,102.48,8660.0,2016-08-02,1:52:42:0
JPY=,102.5,102.55,102.5,8661.0,2016-08-02,1:52:43:0
JPY=,102.5,102.53,102.5,8662.0,2016-08-02,1:52:43:0
JPY=,102.49,102.54,102.49,8663.0,2016-08-02,1:52:47:0
JPY=,102.5,102.55,102.5,8664.0,2016-08-02,1:52:47:0
JPY=,102.51,102.54,102.51,8665.0,2016-08-02,1:52:47:0
JPY=,102.49,102.54,102.49,8666.0,2016-08-02,1:52:48:0
JPY=,102.51,102.56,102.51,8667.0,2016-08-02,1:52:49:0
JPY=,102.52,102.56,102.52,8668.0,2016-08-02,1:52:50:0
JPY=,102.51,102.56,102.51,8669.0,2016-08-02,1:52:50:0
JPY=,102.5,102.55,102.5,8670.0,2016-08-02,1:52:51:0
JPY=,102.52,102.55,102.52,8671.0,2016-08-02,1:52:51:0
JPY=,102.52,102.55,102.52,8672.0,2016-08-02,1:52:55:0
JPY=,102.5,102.55,102.5,8673.0,2016-08-02,1:52:57:0
JPY=,102.5,102.55,102.5,8674.0,2016-08-02,1:52:58:0
JPY=,102.51,102.54,102.51,8675.0,2016-08-02,1:52:59:0
JPY=,102.51,102.55,102.51,8676.0,2016-08-02,1:53:2:0
JPY=,102.52,102.55,102.52,8677.0,2016-08-02,1:53:3:0
JPY=,102.52,102.57,102.52,8678.0,2016-08-02,1:53:5:0
JPY=,102.52,102.57,102.52,8679.0,2016-08-02,1:53:6:0
JPY=,102.5,102.55,102.5,8680.0,2016-08-02,1:53:7:0
JPY=,102.53,102.56,102.53,8681.0,2016-08-02,1:53:7:0
JPY=,102.51,102.54,102.51,8682.0,2016-08-02,1:53:7:0
JPY=,102.5,102.55,102.5,8683.0,2016-08-02,1:53:10:0
JPY=,102.51,102.54,102.51,8684.0,2016-08-02,1:53:11:0
JPY=,102.49,102.54,102.49,8685.0,2016-08-02,1:53:12:0
JPY=,102.5,102.53,102.5,8686.0,2016-08-02,1:53:13:0
JPY=,102.51,102.56,102.51,8687.0,2016-08-02,1:53:14:0
JPY=,102.53,102.56,102.53,8688.0,2016-08-02,1:53:15:0
JPY=,102.53,102.56,102.53,8689.0,2016-08-02,1:53:17:0
JPY=,102.52,102.57,102.52,8690.0,2016-08-02,1:53:17:0
JPY=,102.53,102.56,102.53,8691.0,2016-08-02,1:53:17:0
JPY=,102.54,102.57,102.54,8692.0,2016-08-02,1:53:19:0
JPY=,102.53,102.58,102.53,8693.0,2016-08-02,1:53:19:0
JPY=,102.55,102.58,102.55,8694.0,2016-08-02,1:53:23:0
JPY=,102.54,102.59,102.54,8695.0,2016-08-02,1:53:23:0
JPY=,102.55,102.59,102.55,8696.0,2016-08-02,1:53:24:0
JPY=,102.53,102.58,102.53,8697.0,2016-08-02,1:53:24:0
JPY=,102.55,102.58,102.55,8698.0,2016-08-02,1:53:27:0
JPY=,102.54,102.59,102.54,8699.0,2016-08-02,1:53:27:0
JPY=,102.54,102.59,102.54,8700.0,2016-08-02,1:53:30:0
JPY=,102.54,102.59,102.54,8701.0,2016-08-02,1:53:30:0
JPY=,102.55,102.58,102.55,8702.0,2016-08-02,1:53:31:0
JPY=,102.53,102.58,102.53,8703.0,2016-08-02,1:53:33:0
JPY=,102.55,102.58,102.55,8704.0,2016-08-02,1:53:35:0
JPY=,102.53,102.58,102.53,8705.0,2016-08-02,1:53:37:0
JPY=,102.54,102.57,102.54,8706.0,2016-08-02,1:53:40:0
JPY=,102.52,102.57,102.52,8707.0,2016-08-02,1:53:42:0
JPY=,102.54,102.57,102.54,8708.0,2016-08-02,1:53:42:0
JPY=,102.54,102.57,102.54,8709.0,2016-08-02,1:53:42:0
JPY=,102.55,102.58,102.55,8710.0,2016-08-02,1:53:43:0
JPY=,102.55,102.58,102.55,8711.0,2016-08-02,1:53:47:0
JPY=,102.54,102.59,102.54,8712.0,2016-08-02,1:53:47:0
JPY=,102.54,102.59,102.54,8713.0,2016-08-02,1:53:48:0
JPY=,102.54,102.59,102.54,8714.0,2016-08-02,1:53:50:0
JPY=,102.54,102.59,102.54,8715.0,2016-08-02,1:53:50:0
JPY=,102.55,102.58,102.55,8716.0,2016-08-02,1:53:51:0
JPY=,102.55,102.6,102.55,8717.0,2016-08-02,1:53:53:0
JPY=,102.57,102.61,102.57,8718.0,2016-08-02,1:53:54:0
JPY=,102.56,102.61,102.56,8719.0,2016-08-02,1:53:54:0
JPY=,102.58,102.61,102.58,8720.0,2016-08-02,1:53:55:0
JPY=,102.58,102.61,102.58,8721.0,2016-08-02,1:53:55:0
JPY=,102.6,102.65,102.6,8722.0,2016-08-02,1:53:56:0
JPY=,102.58,102.63,102.58,8723.0,2016-08-02,1:53:57:0
JPY=,102.61,102.64,102.61,8724.0,2016-08-02,1:53:57:0
JPY=,102.59,102.64,102.59,8725.0,2016-08-02,1:53:58:0
JPY=,102.6,102.63,102.6,8726.0,2016-08-02,1:53:59:0
JPY=,102.59,102.64,102.59,8727.0,2016-08-02,1:53:59:0
JPY=,102.59,102.64,102.59,8728.0,2016-08-02,1:53:59:0
JPY=,102.61,102.62,102.61,8729.0,2016-08-02,1:54:1:0
JPY=,102.6,102.65,102.6,8730.0,2016-08-02,1:54:1:0
JPY=,102.61,102.66,102.61,8731.0,2016-08-02,1:54:2:0
JPY=,102.63,102.66,102.63,8732.0,2016-08-02,1:54:3:0
JPY=,102.62,102.67,102.62,8733.0,2016-08-02,1:54:4:0
JPY=,102.64,102.68,102.64,8734.0,2016-08-02,1:54:6:0
JPY=,102.63,102.68,102.63,8735.0,2016-08-02,1:54:6:0
JPY=,102.67,102.7,102.67,8736.0,2016-08-02,1:54:7:0
JPY=,102.65,102.7,102.65,8737.0,2016-08-02,1:54:7:0
JPY=,102.64,102.67,102.64,8738.0,2016-08-02,1:54:7:0
JPY=,102.67,102.72,102.67,8739.0,2016-08-02,1:54:8:0
JPY=,102.68,102.73,102.68,8740.0,2016-08-02,1:54:8:0
JPY=,102.65,102.7,102.65,8741.0,2016-08-02,1:54:9:0
JPY=,102.69,102.72,102.69,8742.0,2016-08-02,1:54:9:0
JPY=,102.59,102.64,102.59,8743.0,2016-08-02,1:54:11:0
JPY=,102.59,102.64,102.59,8744.0,2016-08-02,1:54:12:0
JPY=,102.61,102.66,102.61,8745.0,2016-08-02,1:54:12:0
JPY=,102.62,102.67,102.62,8746.0,2016-08-02,1:54:13:0
JPY=,102.6,102.65,102.6,8747.0,2016-08-02,1:54:13:0
JPY=,102.6,102.63,102.6,8748.0,2016-08-02,1:54:13:0
JPY=,102.64,102.67,102.64,8749.0,2016-08-02,1:54:15:0
JPY=,102.61,102.63,102.61,8750.0,2016-08-02,1:54:17:0
JPY=,102.64,102.67,102.64,8751.0,2016-08-02,1:54:17:0
JPY=,102.63,102.68,102.63,8752.0,2016-08-02,1:54:17:0
JPY=,102.63,102.68,102.63,8753.0,2016-08-02,1:54:18:0
JPY=,102.65,102.68,102.65,8754.0,2016-08-02,1:54:19:0
JPY=,102.64,102.67,102.64,8755.0,2016-08-02,1:54:23:0
JPY=,102.65,102.7,102.65,8756.0,2016-08-02,1:54:25:0
JPY=,102.66,102.71,102.66,8757.0,2016-08-02,1:54:26:0
JPY=,102.68,102.72,102.68,8758.0,2016-08-02,1:54:26:0
JPY=,102.67,102.72,102.67,8759.0,2016-08-02,1:54:27:0
JPY=,102.69,102.72,102.69,8760.0,2016-08-02,1:54:27:0
JPY=,102.68,102.71,102.68,8761.0,2016-08-02,1:54:27:0
JPY=,102.68,102.73,102.68,8762.0,2016-08-02,1:54:28:0
JPY=,102.7,102.75,102.7,8763.0,2016-08-02,1:54:29:0
JPY=,102.68,102.73,102.68,8764.0,2016-08-02,1:54:30:0
JPY=,102.68,102.73,102.68,8765.0,2016-08-02,1:54:30:0
JPY=,102.69,102.72,102.69,8766.0,2016-08-02,1:54:31:0
JPY=,102.69,102.72,102.69,8767.0,2016-08-02,1:54:33:0
JPY=,102.69,102.72,102.69,8768.0,2016-08-02,1:54:35:0
JPY=,102.67,102.72,102.67,8769.0,2016-08-02,1:54:36:0
JPY=,102.69,102.73,102.69,8770.0,2016-08-02,1:54:37:0
JPY=,102.67,102.72,102.67,8771.0,2016-08-02,1:54:38:0
JPY=,102.68,102.71,102.68,8772.0,2016-08-02,1:54:39:0
JPY=,102.66,102.71,102.66,8773.0,2016-08-02,1:54:42:0
JPY=,102.68,102.71,102.68,8774.0,2016-08-02,1:54:43:0
JPY=,102.66,102.69,102.66,8775.0,2016-08-02,1:54:47:0
JPY=,102.64,102.69,102.64,8776.0,2016-08-02,1:54:47:0
JPY=,102.65,102.7,102.65,8777.0,2016-08-02,1:54:48:0
JPY=,102.66,102.7,102.66,8778.0,2016-08-02,1:54:48:0
JPY=,102.66,102.7,102.66,8779.0,2016-08-02,1:54:49:0
JPY=,102.64,102.69,102.64,8780.0,2016-08-02,1:54:51:0
JPY=,102.66,102.69,102.66,8781.0,2016-08-02,1:54:51:0
JPY=,102.65,102.68,102.65,8782.0,2016-08-02,1:54:55:0
JPY=,102.65,102.68,102.65,8783.0,2016-08-02,1:54:57:0
JPY=,102.64,102.69,102.64,8784.0,2016-08-02,1:54:57:0
JPY=,102.65,102.69,102.65,8785.0,2016-08-02,1:55:0:0
JPY=,102.65,102.68,102.65,8786.0,2016-08-02,1:55:0:0
JPY=,102.63,102.68,102.63,8787.0,2016-08-02,1:55:1:0
JPY=,102.66,102.67,102.66,8788.0,2016-08-02,1:55:1:0
JPY=,102.64,102.67,102.64,8789.0,2016-08-02,1:55:3:0
JPY=,102.62,102.67,102.62,8790.0,2016-08-02,1:55:4:0
JPY=,102.64,102.67,102.64,8791.0,2016-08-02,1:55:4:0
JPY=,102.63,102.68,102.63,8792.0,2016-08-02,1:55:6:0
JPY=,102.66,102.71,102.66,8793.0,2016-08-02,1:55:6:0
JPY=,102.62,102.67,102.62,8794.0,2016-08-02,1:55:8:0
JPY=,102.61,102.66,102.61,8795.0,2016-08-02,1:55:8:0
JPY=,102.63,102.66,102.63,8796.0,2016-08-02,1:55:8:0
JPY=,102.62,102.67,102.62,8797.0,2016-08-02,1:55:9:0
JPY=,102.64,102.68,102.64,8798.0,2016-08-02,1:55:9:0
JPY=,102.61,102.66,102.61,8799.0,2016-08-02,1:55:10:0
JPY=,102.62,102.67,102.62,8800.0,2016-08-02,1:55:11:0
JPY=,102.63,102.66,102.63,8801.0,2016-08-02,1:55:11:0
JPY=,102.61,102.66,102.61,8802.0,2016-08-02,1:55:12:0
JPY=,102.62,102.67,102.62,8803.0,2016-08-02,1:55:12:0
JPY=,102.62,102.65,102.62,8804.0,2016-08-02,1:55:12:0
JPY=,102.64,102.67,102.64,8805.0,2016-08-02,1:55:15:0
JPY=,102.63,102.68,102.63,8806.0,2016-08-02,1:55:18:0
JPY=,102.63,102.68,102.63,8807.0,2016-08-02,1:55:18:0
JPY=,102.63,102.66,102.63,8808.0,2016-08-02,1:55:20:0
JPY=,102.63,102.68,102.63,8809.0,2016-08-02,1:55:23:0
JPY=,102.62,102.67,102.62,8810.0,2016-08-02,1:55:24:0
JPY=,102.63,102.66,102.63,8811.0,2016-08-02,1:55:24:0
JPY=,102.63,102.66,102.63,8812.0,2016-08-02,1:55:27:0
JPY=,102.62,102.67,102.62,8813.0,2016-08-02,1:55:27:0
JPY=,102.63,102.66,102.63,8814.0,2016-08-02,1:55:28:0
JPY=,102.62,102.67,102.62,8815.0,2016-08-02,1:55:31:0
JPY=,102.63,102.66,102.63,8816.0,2016-08-02,1:55:31:0
JPY=,102.63,102.67,102.63,8817.0,2016-08-02,1:55:32:0
JPY=,102.61,102.66,102.61,8818.0,2016-08-02,1:55:32:0
JPY=,102.63,102.66,102.63,8819.0,2016-08-02,1:55:32:0
JPY=,102.63,102.66,102.63,8820.0,2016-08-02,1:55:37:0
JPY=,102.62,102.67,102.62,8821.0,2016-08-02,1:55:38:0
JPY=,102.62,102.67,102.62,8822.0,2016-08-02,1:55:38:0
JPY=,102.63,102.66,102.63,8823.0,2016-08-02,1:55:39:0
JPY=,102.61,102.66,102.61,8824.0,2016-08-02,1:55:40:0
JPY=,102.62,102.67,102.62,8825.0,2016-08-02,1:55:41:0
JPY=,102.61,102.66,102.61,8826.0,2016-08-02,1:55:42:0
JPY=,102.63,102.66,102.63,8827.0,2016-08-02,1:55:43:0
JPY=,102.61,102.66,102.61,8828.0,2016-08-02,1:55:45:0
JPY=,102.61,102.66,102.61,8829.0,2016-08-02,1:55:46:0
JPY=,102.63,102.66,102.63,8830.0,2016-08-02,1:55:47:0
JPY=,102.62,102.67,102.62,8831.0,2016-08-02,1:55:48:0
JPY=,102.62,102.67,102.62,8832.0,2016-08-02,1:55:50:0
JPY=,102.63,102.66,102.63,8833.0,2016-08-02,1:55:51:0
JPY=,102.63,102.66,102.63,8834.0,2016-08-02,1:55:55:0
JPY=,102.62,102.67,102.62,8835.0,2016-08-02,1:55:58:0
JPY=,102.62,102.65,102.62,8836.0,2016-08-02,1:55:59:0
JPY=,102.6,102.65,102.6,8837.0,2016-08-02,1:56:0:0
JPY=,102.63,102.64,102.63,8838.0,2016-08-02,1:56:1:0
JPY=,102.63,102.65,102.63,8839.0,2016-08-02,1:56:2:0
JPY=,102.63,102.64,102.63,8840.0,2016-08-02,1:56:2:0
JPY=,102.63,102.68,102.63,8841.0,2016-08-02,1:56:3:0
JPY=,102.63,102.66,102.63,8842.0,2016-08-02,1:56:3:0
JPY=,102.6,102.65,102.6,8843.0,2016-08-02,1:56:4:0
JPY=,102.62,102.66,102.62,8844.0,2016-08-02,1:56:6:0
JPY=,102.61,102.66,102.61,8845.0,2016-08-02,1:56:8:0
JPY=,102.62,102.65,102.62,8846.0,2016-08-02,1:56:8:0
JPY=,102.61,102.66,102.61,8847.0,2016-08-02,1:56:11:0
JPY=,102.62,102.65,102.62,8848.0,2016-08-02,1:56:11:0
JPY=,102.6,102.65,102.6,8849.0,2016-08-02,1:56:12:0
JPY=,102.62,102.65,102.62,8850.0,2016-08-02,1:56:16:0
JPY=,102.61,102.66,102.61,8851.0,2016-08-02,1:56:18:0
JPY=,102.62,102.65,102.62,8852.0,2016-08-02,1:56:19:0
JPY=,102.61,102.66,102.61,8853.0,2016-08-02,1:56:20:0
JPY=,102.62,102.65,102.62,8854.0,2016-08-02,1:56:23:0
JPY=,102.61,102.64,102.61,8855.0,2016-08-02,1:56:27:0
JPY=,102.6,102.65,102.6,8856.0,2016-08-02,1:56:28:0
JPY=,102.59,102.64,102.59,8857.0,2016-08-02,1:56:29:0
JPY=,102.62,102.67,102.62,8858.0,2016-08-02,1:56:30:0
JPY=,102.6,102.65,102.6,8859.0,2016-08-02,1:56:31:0
JPY=,102.6,102.63,102.6,8860.0,2016-08-02,1:56:31:0
JPY=,102.6,102.65,102.6,8861.0,2016-08-02,1:56:31:0
JPY=,102.6,102.63,102.6,8862.0,2016-08-02,1:56:35:0
JPY=,102.58,102.63,102.58,8863.0,2016-08-02,1:56:36:0
JPY=,102.59,102.62,102.59,8864.0,2016-08-02,1:56:37:0
JPY=,102.58,102.63,102.58,8865.0,2016-08-02,1:56:38:0
JPY=,102.6,102.64,102.6,8866.0,2016-08-02,1:56:38:0
JPY=,102.59,102.62,102.59,8867.0,2016-08-02,1:56:39:0
JPY=,102.58,102.63,102.58,8868.0,2016-08-02,1:56:42:0
JPY=,102.59,102.62,102.59,8869.0,2016-08-02,1:56:42:0
JPY=,102.59,102.62,102.59,8870.0,2016-08-02,1:56:43:0
JPY=,102.57,102.62,102.57,8871.0,2016-08-02,1:56:44:0
JPY=,102.58,102.63,102.58,8872.0,2016-08-02,1:56:45:0
JPY=,102.59,102.63,102.59,8873.0,2016-08-02,1:56:47:0
JPY=,102.59,102.62,102.59,8874.0,2016-08-02,1:56:47:0
JPY=,102.58,102.63,102.58,8875.0,2016-08-02,1:56:48:0
JPY=,102.57,102.62,102.57,8876.0,2016-08-02,1:56:48:0
JPY=,102.57,102.62,102.57,8877.0,2016-08-02,1:56:50:0
JPY=,102.58,102.63,102.58,8878.0,2016-08-02,1:56:51:0
JPY=,102.57,102.62,102.57,8879.0,2016-08-02,1:56:51:0
JPY=,102.59,102.62,102.59,8880.0,2016-08-02,1:56:52:0
JPY=,102.58,102.63,102.58,8881.0,2016-08-02,1:56:53:0
JPY=,102.59,102.62,102.59,8882.0,2016-08-02,1:56:55:0
JPY=,102.57,102.62,102.57,8883.0,2016-08-02,1:56:57:0
JPY=,102.58,102.63,102.58,8884.0,2016-08-02,1:56:58:0
JPY=,102.59,102.62,102.59,8885.0,2016-08-02,1:57:0:0
JPY=,102.59,102.62,102.59,8886.0,2016-08-02,1:57:1:0
JPY=,102.6,102.61,102.6,8887.0,2016-08-02,1:57:1:0
JPY=,102.58,102.61,102.58,8888.0,2016-08-02,1:57:3:0
JPY=,102.56,102.61,102.56,8889.0,2016-08-02,1:57:4:0
JPY=,102.59,102.64,102.59,8890.0,2016-08-02,1:57:5:0
JPY=,102.58,102.61,102.58,8891.0,2016-08-02,1:57:7:0
JPY=,102.57,102.62,102.57,8892.0,2016-08-02,1:57:9:0
JPY=,102.55,102.6,102.55,8893.0,2016-08-02,1:57:10:0
JPY=,102.57,102.6,102.57,8894.0,2016-08-02,1:57:11:0
JPY=,102.56,102.61,102.56,8895.0,2016-08-02,1:57:11:0
JPY=,102.55,102.6,102.55,8896.0,2016-08-02,1:57:12:0
JPY=,102.56,102.6,102.56,8897.0,2016-08-02,1:57:12:0
JPY=,102.56,102.61,102.56,8898.0,2016-08-02,1:57:12:0
JPY=,102.55,102.6,102.55,8899.0,2016-08-02,1:57:13:0
JPY=,102.56,102.61,102.56,8900.0,2016-08-02,1:57:13:0
JPY=,102.56,102.61,102.56,8901.0,2016-08-02,1:57:14:0
JPY=,102.58,102.61,102.58,8902.0,2016-08-02,1:57:15:0
JPY=,102.57,102.62,102.57,8903.0,2016-08-02,1:57:18:0
JPY=,102.57,102.6,102.57,8904.0,2016-08-02,1:57:19:0
JPY=,102.57,102.6,102.57,8905.0,2016-08-02,1:57:21:0
JPY=,102.57,102.61,102.57,8906.0,2016-08-02,1:57:22:0
JPY=,102.55,102.58,102.55,8907.0,2016-08-02,1:57:23:0
JPY=,102.53,102.58,102.53,8908.0,2016-08-02,1:57:23:0
JPY=,102.54,102.57,102.54,8909.0,2016-08-02,1:57:25:0
JPY=,102.55,102.58,102.55,8910.0,2016-08-02,1:57:27:0
JPY=,102.54,102.59,102.54,8911.0,2016-08-02,1:57:27:0
JPY=,102.55,102.6,102.55,8912.0,2016-08-02,1:57:28:0
JPY=,102.54,102.59,102.54,8913.0,2016-08-02,1:57:31:0
JPY=,102.55,102.58,102.55,8914.0,2016-08-02,1:57:31:0
JPY=,102.54,102.59,102.54,8915.0,2016-08-02,1:57:31:0
JPY=,102.55,102.59,102.55,8916.0,2016-08-02,1:57:32:0
JPY=,102.55,102.6,102.55,8917.0,2016-08-02,1:57:32:0
JPY=,102.55,102.58,102.55,8918.0,2016-08-02,1:57:35:0
JPY=,102.53,102.58,102.53,8919.0,2016-08-02,1:57:38:0
JPY=,102.54,102.59,102.54,8920.0,2016-08-02,1:57:38:0
JPY=,102.55,102.58,102.55,8921.0,2016-08-02,1:57:39:0
JPY=,102.53,102.58,102.53,8922.0,2016-08-02,1:57:42:0
JPY=,102.54,102.59,102.54,8923.0,2016-08-02,1:57:42:0
JPY=,102.55,102.58,102.55,8924.0,2016-08-02,1:57:42:0
JPY=,102.55,102.58,102.55,8925.0,2016-08-02,1:57:43:0
JPY=,102.55,102.58,102.55,8926.0,2016-08-02,1:57:47:0
JPY=,102.55,102.6,102.55,8927.0,2016-08-02,1:57:48:0
JPY=,102.55,102.58,102.55,8928.0,2016-08-02,1:57:48:0
JPY=,102.56,102.59,102.56,8929.0,2016-08-02,1:57:51:0
JPY=,102.55,102.6,102.55,8930.0,2016-08-02,1:57:51:0
JPY=,102.55,102.6,102.55,8931.0,2016-08-02,1:57:52:0
JPY=,102.56,102.6,102.56,8932.0,2016-08-02,1:57:54:0
JPY=,102.56,102.59,102.56,8933.0,2016-08-02,1:57:55:0
JPY=,102.56,102.61,102.56,8934.0,2016-08-02,1:57:58:0
JPY=,102.57,102.6,102.57,8935.0,2016-08-02,1:57:59:0
JPY=,102.58,102.59,102.58,8936.0,2016-08-02,1:58:1:0
JPY=,102.56,102.59,102.56,8937.0,2016-08-02,1:58:3:0
JPY=,102.58,102.59,102.58,8938.0,2016-08-02,1:58:3:0
JPY=,102.54,102.59,102.54,8939.0,2016-08-02,1:58:4:0
JPY=,102.57,102.59,102.57,8940.0,2016-08-02,1:58:6:0
JPY=,102.55,102.58,102.55,8941.0,2016-08-02,1:58:7:0
JPY=,102.55,102.6,102.55,8942.0,2016-08-02,1:58:7:0
JPY=,102.54,102.59,102.54,8943.0,2016-08-02,1:58:8:0
JPY=,102.55,102.58,102.55,8944.0,2016-08-02,1:58:11:0
JPY=,102.54,102.59,102.54,8945.0,2016-08-02,1:58:11:0
JPY=,102.53,102.58,102.53,8946.0,2016-08-02,1:58:12:0
JPY=,102.53,102.58,102.53,8947.0,2016-08-02,1:58:15:0
JPY=,102.55,102.58,102.55,8948.0,2016-08-02,1:58:16:0
JPY=,102.55,102.59,102.55,8949.0,2016-08-02,1:58:16:0
JPY=,102.55,102.58,102.55,8950.0,2016-08-02,1:58:19:0
JPY=,102.54,102.59,102.54,8951.0,2016-08-02,1:58:20:0
JPY=,102.55,102.58,102.55,8952.0,2016-08-02,1:58:25:0
JPY=,102.56,102.6,102.56,8953.0,2016-08-02,1:58:26:0
JPY=,102.56,102.59,102.56,8954.0,2016-08-02,1:58:27:0
JPY=,102.56,102.59,102.56,8955.0,2016-08-02,1:58:28:0
JPY=,102.55,102.6,102.55,8956.0,2016-08-02,1:58:29:0
JPY=,102.55,102.6,102.55,8957.0,2016-08-02,1:58:30:0
JPY=,102.57,102.6,102.57,8958.0,2016-08-02,1:58:31:0
JPY=,102.56,102.61,102.56,8959.0,2016-08-02,1:58:32:0
JPY=,102.56,102.61,102.56,8960.0,2016-08-02,1:58:32:0
JPY=,102.58,102.61,102.58,8961.0,2016-08-02,1:58:35:0
JPY=,102.58,102.61,102.58,8962.0,2016-08-02,1:58:37:0
JPY=,102.58,102.62,102.58,8963.0,2016-08-02,1:58:38:0
JPY=,102.58,102.61,102.58,8964.0,2016-08-02,1:58:38:0
JPY=,102.58,102.61,102.58,8965.0,2016-08-02,1:58:39:0
JPY=,102.57,102.62,102.57,8966.0,2016-08-02,1:58:39:0
JPY=,102.57,102.62,102.57,8967.0,2016-08-02,1:58:40:0
JPY=,102.57,102.62,102.57,8968.0,2016-08-02,1:58:42:0
JPY=,102.59,102.62,102.59,8969.0,2016-08-02,1:58:43:0
JPY=,102.59,102.62,102.59,8970.0,2016-08-02,1:58:46:0
JPY=,102.58,102.61,102.58,8971.0,2016-08-02,1:58:47:0
JPY=,102.58,102.63,102.58,8972.0,2016-08-02,1:58:47:0
JPY=,102.57,102.62,102.57,8973.0,2016-08-02,1:58:48:0
JPY=,102.59,102.63,102.59,8974.0,2016-08-02,1:58:50:0
JPY=,102.58,102.63,102.58,8975.0,2016-08-02,1:58:50:0
JPY=,102.58,102.63,102.58,8976.0,2016-08-02,1:58:50:0
JPY=,102.58,102.61,102.58,8977.0,2016-08-02,1:58:51:0
JPY=,102.57,102.62,102.57,8978.0,2016-08-02,1:58:51:0
JPY=,102.57,102.62,102.57,8979.0,2016-08-02,1:58:51:0
JPY=,102.58,102.61,102.58,8980.0,2016-08-02,1:58:55:0
JPY=,102.58,102.61,102.58,8981.0,2016-08-02,1:58:57:0
JPY=,102.58,102.61,102.58,8982.0,2016-08-02,1:58:59:0
JPY=,102.58,102.63,102.58,8983.0,2016-08-02,1:59:0:0
JPY=,102.59,102.64,102.59,8984.0,2016-08-02,1:59:3:0
JPY=,102.6,102.63,102.6,8985.0,2016-08-02,1:59:3:0
JPY=,102.58,102.63,102.58,8986.0,2016-08-02,1:59:4:0
JPY=,102.6,102.63,102.6,8987.0,2016-08-02,1:59:7:0
JPY=,102.6,102.63,102.6,8988.0,2016-08-02,1:59:8:0
JPY=,102.58,102.63,102.58,8989.0,2016-08-02,1:59:11:0
JPY=,102.6,102.63,102.6,8990.0,2016-08-02,1:59:11:0
JPY=,102.58,102.63,102.58,8991.0,2016-08-02,1:59:12:0
JPY=,102.58,102.63,102.58,8992.0,2016-08-02,1:59:12:0
JPY=,102.59,102.62,102.59,8993.0,2016-08-02,1:59:15:0
JPY=,102.59,102.62,102.59,8994.0,2016-08-02,1:59:19:0
JPY=,102.58,102.63,102.58,8995.0,2016-08-02,1:59:22:0
JPY=,102.59,102.62,102.59,8996.0,2016-08-02,1:59:22:0
JPY=,102.59,102.62,102.59,8997.0,2016-08-02,1:59:23:0
JPY=,102.57,102.62,102.57,8998.0,2016-08-02,1:59:24:0
JPY=,102.58,102.63,102.58,8999.0,2016-08-02,1:59:25:0
JPY=,102.58,102.61,102.58,9000.0,2016-08-02,1:59:27:0
JPY=,102.56,102.61,102.56,9001.0,2016-08-02,1:59:27:0
JPY=,102.57,102.62,102.57,9002.0,2016-08-02,1:59:27:0
JPY=,102.57,102.62,102.57,9003.0,2016-08-02,1:59:30:0
JPY=,102.57,102.62,102.57,9004.0,2016-08-02,1:59:30:0
JPY=,102.57,102.62,102.57,9005.0,2016-08-02,1:59:31:0
JPY=,102.58,102.62,102.58,9006.0,2016-08-02,1:59:31:0
JPY=,102.58,102.61,102.58,9007.0,2016-08-02,1:59:32:0
JPY=,102.57,102.62,102.57,9008.0,2016-08-02,1:59:32:0
JPY=,102.59,102.62,102.59,9009.0,2016-08-02,1:59:35:0
JPY=,102.59,102.62,102.59,9010.0,2016-08-02,1:59:37:0
JPY=,102.58,102.63,102.58,9011.0,2016-08-02,1:59:38:0
JPY=,102.58,102.61,102.58,9012.0,2016-08-02,1:59:39:0
JPY=,102.56,102.61,102.56,9013.0,2016-08-02,1:59:42:0
JPY=,102.58,102.63,102.58,9014.0,2016-08-02,1:59:42:0
JPY=,102.59,102.62,102.59,9015.0,2016-08-02,1:59:43:0
JPY=,102.59,102.63,102.59,9016.0,2016-08-02,1:59:44:0
JPY=,102.59,102.63,102.59,9017.0,2016-08-02,1:59:48:0
JPY=,102.58,102.63,102.58,9018.0,2016-08-02,1:59:51:0
JPY=,102.59,102.62,102.59,9019.0,2016-08-02,1:59:52:0
JPY=,102.58,102.63,102.58,9020.0,2016-08-02,1:59:52:0
JPY=,102.57,102.62,102.57,9021.0,2016-08-02,1:59:52:0
JPY=,102.58,102.62,102.58,9022.0,2016-08-02,1:59:53:0
JPY=,102.58,102.61,102.58,9023.0,2016-08-02,1:59:54:0
JPY=,102.59,102.62,102.59,9024.0,2016-08-02,1:59:57:0
JPY=,102.58,102.63,102.58,9025.0,2016-08-02,1:59:58:0
JPY=,102.59,102.62,102.59,9026.0,2016-08-02,1:59:59:0
JPY=,102.58,102.63,102.58,9027.0,2016-08-02,1:59:59:0
JPY=,102.6,102.61,102.6,9028.0,2016-08-02,2:0:1:0
JPY=,102.59,102.64,102.59,9029.0,2016-08-02,2:0:2:0
JPY=,102.6,102.63,102.6,9030.0,2016-08-02,2:0:3:0
JPY=,102.59,102.64,102.59,9031.0,2016-08-02,2:0:4:0
JPY=,102.6,102.64,102.6,9032.0,2016-08-02,2:0:6:0
JPY=,102.59,102.62,102.59,9033.0,2016-08-02,2:0:7:0
JPY=,102.58,102.63,102.58,9034.0,2016-08-02,2:0:10:0
JPY=,102.59,102.62,102.59,9035.0,2016-08-02,2:0:10:0
JPY=,102.61,102.64,102.61,9036.0,2016-08-02,2:0:11:0
JPY=,102.59,102.64,102.59,9037.0,2016-08-02,2:0:11:0
JPY=,102.59,102.64,102.59,9038.0,2016-08-02,2:0:12:0
JPY=,102.6,102.65,102.6,9039.0,2016-08-02,2:0:12:0
JPY=,102.6,102.62,102.6,9040.0,2016-08-02,2:0:12:0
JPY=,102.61,102.64,102.61,9041.0,2016-08-02,2:0:15:0
JPY=,102.61,102.65,102.61,9042.0,2016-08-02,2:0:18:0
JPY=,102.6,102.65,102.6,9043.0,2016-08-02,2:0:18:0
JPY=,102.62,102.65,102.62,9044.0,2016-08-02,2:0:20:0
JPY=,102.61,102.66,102.61,9045.0,2016-08-02,2:0:23:0
JPY=,102.63,102.66,102.63,9046.0,2016-08-02,2:0:23:0
JPY=,102.61,102.66,102.61,9047.0,2016-08-02,2:0:27:0
JPY=,102.62,102.65,102.62,9048.0,2016-08-02,2:0:27:0
JPY=,102.62,102.66,102.62,9049.0,2016-08-02,2:0:28:0
JPY=,102.62,102.66,102.62,9050.0,2016-08-02,2:0:31:0
JPY=,102.61,102.66,102.61,9051.0,2016-08-02,2:0:32:0
JPY=,102.62,102.65,102.62,9052.0,2016-08-02,2:0:32:0
JPY=,102.61,102.66,102.61,9053.0,2016-08-02,2:0:33:0
JPY=,102.62,102.65,102.62,9054.0,2016-08-02,2:0:35:0
JPY=,102.63,102.66,102.63,9055.0,2016-08-02,2:0:39:0
JPY=,102.61,102.66,102.61,9056.0,2016-08-02,2:0:42:0
JPY=,102.6,102.65,102.6,9057.0,2016-08-02,2:0:42:0
JPY=,102.61,102.66,102.61,9058.0,2016-08-02,2:0:43:0
JPY=,102.62,102.65,102.62,9059.0,2016-08-02,2:0:43:0
JPY=,102.61,102.66,102.61,9060.0,2016-08-02,2:0:44:0
JPY=,102.62,102.65,102.62,9061.0,2016-08-02,2:0:47:0
JPY=,102.61,102.65,102.61,9062.0,2016-08-02,2:0:50:0
JPY=,102.6,102.65,102.6,9063.0,2016-08-02,2:0:51:0
JPY=,102.61,102.64,102.61,9064.0,2016-08-02,2:0:52:0
JPY=,102.6,102.65,102.6,9065.0,2016-08-02,2:0:52:0
JPY=,102.61,102.64,102.61,9066.0,2016-08-02,2:0:55:0
JPY=,102.61,102.64,102.61,9067.0,2016-08-02,2:0:57:0
JPY=,102.61,102.64,102.61,9068.0,2016-08-02,2:1:0:0
JPY=,102.62,102.63,102.62,9069.0,2016-08-02,2:1:1:0
JPY=,102.61,102.66,102.61,9070.0,2016-08-02,2:1:2:0
JPY=,102.62,102.65,102.62,9071.0,2016-08-02,2:1:3:0
JPY=,102.6,102.65,102.6,9072.0,2016-08-02,2:1:3:0
JPY=,102.61,102.66,102.61,9073.0,2016-08-02,2:1:4:0
JPY=,102.63,102.66,102.63,9074.0,2016-08-02,2:1:7:0
JPY=,102.62,102.67,102.62,9075.0,2016-08-02,2:1:11:0
JPY=,102.61,102.66,102.61,9076.0,2016-08-02,2:1:12:0
JPY=,102.62,102.66,102.62,9077.0,2016-08-02,2:1:12:0
JPY=,102.62,102.67,102.62,9078.0,2016-08-02,2:1:12:0
JPY=,102.61,102.66,102.61,9079.0,2016-08-02,2:1:13:0
JPY=,102.63,102.66,102.63,9080.0,2016-08-02,2:1:22:0
JPY=,102.61,102.66,102.61,9081.0,2016-08-02,2:1:22:0
JPY=,102.63,102.66,102.63,9082.0,2016-08-02,2:1:23:0
JPY=,102.62,102.65,102.62,9083.0,2016-08-02,2:1:26:0
JPY=,102.62,102.65,102.62,9084.0,2016-08-02,2:1:27:0
JPY=,102.62,102.65,102.62,9085.0,2016-08-02,2:1:31:0
JPY=,102.61,102.66,102.61,9086.0,2016-08-02,2:1:31:0
JPY=,102.61,102.66,102.61,9087.0,2016-08-02,2:1:32:0
JPY=,102.62,102.65,102.62,9088.0,2016-08-02,2:1:35:0
JPY=,102.6,102.65,102.6,9089.0,2016-08-02,2:1:35:0
JPY=,102.62,102.65,102.62,9090.0,2016-08-02,2:1:37:0
JPY=,102.6,102.65,102.6,9091.0,2016-08-02,2:1:37:0
JPY=,102.62,102.65,102.62,9092.0,2016-08-02,2:1:38:0
JPY=,102.62,102.65,102.62,9093.0,2016-08-02,2:1:41:0
JPY=,102.6,102.65,102.6,9094.0,2016-08-02,2:1:42:0
JPY=,102.62,102.65,102.62,9095.0,2016-08-02,2:1:42:0
JPY=,102.61,102.66,102.61,9096.0,2016-08-02,2:1:42:0
JPY=,102.62,102.65,102.62,9097.0,2016-08-02,2:1:43:0
JPY=,102.62,102.67,102.62,9098.0,2016-08-02,2:1:43:0
JPY=,102.62,102.67,102.62,9099.0,2016-08-02,2:1:44:0
JPY=,102.62,102.65,102.62,9100.0,2016-08-02,2:1:47:0
JPY=,102.61,102.66,102.61,9101.0,2016-08-02,2:1:51:0
JPY=,102.6,102.65,102.6,9102.0,2016-08-02,2:1:51:0
JPY=,102.62,102.65,102.62,9103.0,2016-08-02,2:1:52:0
JPY=,102.61,102.66,102.61,9104.0,2016-08-02,2:1:52:0
JPY=,102.62,102.67,102.62,9105.0,2016-08-02,2:1:54:0
JPY=,102.64,102.67,102.64,9106.0,2016-08-02,2:1:54:0
JPY=,102.64,102.67,102.64,9107.0,2016-08-02,2:1:55:0
JPY=,102.64,102.68,102.64,9108.0,2016-08-02,2:1:56:0
JPY=,102.63,102.68,102.63,9109.0,2016-08-02,2:1:56:0
JPY=,102.64,102.68,102.64,9110.0,2016-08-02,2:1:57:0
JPY=,102.64,102.67,102.64,9111.0,2016-08-02,2:2:0:0
JPY=,102.63,102.68,102.63,9112.0,2016-08-02,2:2:0:0
JPY=,102.65,102.66,102.65,9113.0,2016-08-02,2:2:1:0
JPY=,102.63,102.68,102.63,9114.0,2016-08-02,2:2:2:0
JPY=,102.63,102.68,102.63,9115.0,2016-08-02,2:2:2:0
JPY=,102.64,102.67,102.64,9116.0,2016-08-02,2:2:3:0
JPY=,102.63,102.68,102.63,9117.0,2016-08-02,2:2:3:0
JPY=,102.61,102.66,102.61,9118.0,2016-08-02,2:2:5:0
JPY=,102.63,102.67,102.63,9119.0,2016-08-02,2:2:6:0
JPY=,102.62,102.67,102.62,9120.0,2016-08-02,2:2:6:0
JPY=,102.63,102.66,102.63,9121.0,2016-08-02,2:2:7:0
JPY=,102.63,102.68,102.63,9122.0,2016-08-02,2:2:8:0
JPY=,102.64,102.67,102.64,9123.0,2016-08-02,2:2:11:0
JPY=,102.64,102.69,102.64,9124.0,2016-08-02,2:2:11:0
JPY=,102.65,102.66,102.65,9125.0,2016-08-02,2:2:12:0
JPY=,102.62,102.67,102.62,9126.0,2016-08-02,2:2:12:0
JPY=,102.65,102.7,102.65,9127.0,2016-08-02,2:2:12:0
JPY=,102.65,102.7,102.65,9128.0,2016-08-02,2:2:12:0
JPY=,102.65,102.7,102.65,9129.0,2016-08-02,2:2:14:0
JPY=,102.67,102.7,102.67,9130.0,2016-08-02,2:2:15:0
JPY=,102.66,102.71,102.66,9131.0,2016-08-02,2:2:15:0
JPY=,102.65,102.7,102.65,9132.0,2016-08-02,2:2:17:0
JPY=,102.66,102.7,102.66,9133.0,2016-08-02,2:2:18:0
JPY=,102.66,102.69,102.66,9134.0,2016-08-02,2:2:19:0
JPY=,102.66,102.71,102.66,9135.0,2016-08-02,2:2:22:0
JPY=,102.67,102.7,102.67,9136.0,2016-08-02,2:2:23:0
JPY=,102.66,102.71,102.66,9137.0,2016-08-02,2:2:26:0
JPY=,102.68,102.71,102.68,9138.0,2016-08-02,2:2:27:0
JPY=,102.66,102.71,102.66,9139.0,2016-08-02,2:2:27:0
JPY=,102.68,102.72,102.68,9140.0,2016-08-02,2:2:28:0
JPY=,102.68,102.71,102.68,9141.0,2016-08-02,2:2:31:0
JPY=,102.67,102.72,102.67,9142.0,2016-08-02,2:2:31:0
JPY=,102.67,102.72,102.67,9143.0,2016-08-02,2:2:32:0
JPY=,102.67,102.7,102.67,9144.0,2016-08-02,2:2:35:0
JPY=,102.67,102.72,102.67,9145.0,2016-08-02,2:2:37:0
JPY=,102.68,102.71,102.68,9146.0,2016-08-02,2:2:39:0
JPY=,102.68,102.71,102.68,9147.0,2016-08-02,2:2:40:0
JPY=,102.67,102.72,102.67,9148.0,2016-08-02,2:2:42:0
JPY=,102.68,102.73,102.68,9149.0,2016-08-02,2:2:42:0
JPY=,102.69,102.72,102.69,9150.0,2016-08-02,2:2:43:0
JPY=,102.69,102.74,102.69,9151.0,2016-08-02,2:2:45:0
JPY=,102.68,102.73,102.68,9152.0,2016-08-02,2:2:46:0
JPY=,102.71,102.74,102.71,9153.0,2016-08-02,2:2:47:0
JPY=,102.7,102.75,102.7,9154.0,2016-08-02,2:2:47:0
JPY=,102.71,102.75,102.71,9155.0,2016-08-02,2:2:49:0
JPY=,102.69,102.74,102.69,9156.0,2016-08-02,2:2:50:0
JPY=,102.7,102.73,102.7,9157.0,2016-08-02,2:2:51:0
JPY=,102.7,102.75,102.7,9158.0,2016-08-02,2:2:51:0
JPY=,102.7,102.75,102.7,9159.0,2016-08-02,2:2:52:0
JPY=,102.7,102.75,102.7,9160.0,2016-08-02,2:2:53:0
JPY=,102.7,102.73,102.7,9161.0,2016-08-02,2:2:55:0
JPY=,102.7,102.73,102.7,9162.0,2016-08-02,2:2:59:0
JPY=,102.7,102.74,102.7,9163.0,2016-08-02,2:2:59:0
JPY=,102.7,102.75,102.7,9164.0,2016-08-02,2:3:3:0
JPY=,102.7,102.73,102.7,9165.0,2016-08-02,2:3:3:0
JPY=,102.7,102.75,102.7,9166.0,2016-08-02,2:3:4:0
JPY=,102.7,102.73,102.7,9167.0,2016-08-02,2:3:7:0
JPY=,102.67,102.72,102.67,9168.0,2016-08-02,2:3:8:0
JPY=,102.67,102.71,102.67,9169.0,2016-08-02,2:3:9:0
JPY=,102.7,102.75,102.7,9170.0,2016-08-02,2:3:10:0
JPY=,102.66,102.71,102.66,9171.0,2016-08-02,2:3:10:0
JPY=,102.67,102.7,102.67,9172.0,2016-08-02,2:3:11:0
JPY=,102.68,102.73,102.68,9173.0,2016-08-02,2:3:11:0
JPY=,102.67,102.72,102.67,9174.0,2016-08-02,2:3:12:0
JPY=,102.68,102.73,102.68,9175.0,2016-08-02,2:3:13:0
JPY=,102.68,102.73,102.68,9176.0,2016-08-02,2:3:14:0
JPY=,102.69,102.72,102.69,9177.0,2016-08-02,2:3:15:0
JPY=,102.69,102.72,102.69,9178.0,2016-08-02,2:3:17:0
JPY=,102.71,102.74,102.71,9179.0,2016-08-02,2:3:19:0
JPY=,102.71,102.75,102.71,9180.0,2016-08-02,2:3:20:0
JPY=,102.69,102.74,102.69,9181.0,2016-08-02,2:3:22:0
JPY=,102.7,102.73,102.7,9182.0,2016-08-02,2:3:23:0
JPY=,102.68,102.73,102.68,9183.0,2016-08-02,2:3:23:0
JPY=,102.68,102.71,102.68,9184.0,2016-08-02,2:3:27:0
JPY=,102.67,102.72,102.67,9185.0,2016-08-02,2:3:28:0
JPY=,102.69,102.73,102.69,9186.0,2016-08-02,2:3:30:0
JPY=,102.67,102.72,102.67,9187.0,2016-08-02,2:3:30:0
JPY=,102.67,102.72,102.67,9188.0,2016-08-02,2:3:30:0
JPY=,102.69,102.72,102.69,9189.0,2016-08-02,2:3:31:0
JPY=,102.68,102.73,102.68,9190.0,2016-08-02,2:3:32:0
JPY=,102.67,102.72,102.67,9191.0,2016-08-02,2:3:33:0
JPY=,102.68,102.71,102.68,9192.0,2016-08-02,2:3:35:0
JPY=,102.66,102.71,102.66,9193.0,2016-08-02,2:3:38:0
JPY=,102.67,102.7,102.67,9194.0,2016-08-02,2:3:39:0
JPY=,102.65,102.7,102.65,9195.0,2016-08-02,2:3:42:0
JPY=,102.67,102.71,102.67,9196.0,2016-08-02,2:3:42:0
JPY=,102.66,102.71,102.66,9197.0,2016-08-02,2:3:43:0
JPY=,102.67,102.7,102.67,9198.0,2016-08-02,2:3:43:0
JPY=,102.66,102.71,102.66,9199.0,2016-08-02,2:3:43:0
JPY=,102.67,102.72,102.67,9200.0,2016-08-02,2:3:46:0
JPY=,102.69,102.72,102.69,9201.0,2016-08-02,2:3:47:0
JPY=,102.69,102.72,102.69,9202.0,2016-08-02,2:3:51:0
JPY=,102.67,102.72,102.67,9203.0,2016-08-02,2:3:52:0
JPY=,102.68,102.72,102.68,9204.0,2016-08-02,2:3:52:0
JPY=,102.67,102.72,102.67,9205.0,2016-08-02,2:3:53:0
JPY=,102.66,102.71,102.66,9206.0,2016-08-02,2:3:54:0
JPY=,102.67,102.7,102.67,9207.0,2016-08-02,2:3:55:0
JPY=,102.66,102.71,102.66,9208.0,2016-08-02,2:3:55:0
JPY=,102.67,102.7,102.67,9209.0,2016-08-02,2:3:59:0
JPY=,102.68,102.69,102.68,9210.0,2016-08-02,2:4:0:0
JPY=,102.67,102.71,102.67,9211.0,2016-08-02,2:4:2:0
JPY=,102.67,102.72,102.67,9212.0,2016-08-02,2:4:3:0
JPY=,102.68,102.71,102.68,9213.0,2016-08-02,2:4:3:0
JPY=,102.67,102.7,102.67,9214.0,2016-08-02,2:4:3:0
JPY=,102.67,102.72,102.67,9215.0,2016-08-02,2:4:6:0
JPY=,102.68,102.7,102.68,9216.0,2016-08-02,2:4:7:0
JPY=,102.67,102.7,102.67,9217.0,2016-08-02,2:4:7:0
JPY=,102.67,102.7,102.67,9218.0,2016-08-02,2:4:11:0
JPY=,102.67,102.7,102.67,9219.0,2016-08-02,2:4:11:0
JPY=,102.66,102.71,102.66,9220.0,2016-08-02,2:4:12:0
JPY=,102.65,102.7,102.65,9221.0,2016-08-02,2:4:12:0
JPY=,102.68,102.71,102.68,9222.0,2016-08-02,2:4:15:0
JPY=,102.67,102.72,102.67,9223.0,2016-08-02,2:4:16:0
JPY=,102.67,102.72,102.67,9224.0,2016-08-02,2:4:17:0
